1928 3319
888 119 951 165 11

182 246 224 290 β.
261 247 297 281 in
323 243 589 289 provinciis
614 241 899 277 caucasicis?
926 242 1089 281 (Pin-nor
1112 242 1159 285 pl.
1185 249 1277 281 ωσι,
1304 238 1435 273 Amm?
1461 236 1497 269 in
1515 235 1656 269 qun.
1682 234 1797 274 herb.)

267 298 300 327 et
327 291 500 326 Sibiria
524 289 709 323 altaica:
737 289 811 322 des.
837 286 1224 331 soongoro-kirghisici
1251 286 1319 330 alp.
1345 284 1472 319 Alatau
1497 283 1540 316 ad
1566 282 1689 316 fontes
1712 281 1797 314 fluv.

265 339 425 373 Baskan!
452 337 677 378 (Senium-103

188 413 225 447 y.
267 403 302 435 in
341 406 461 435 terra
501 397 923 432 Tschuktsehorum
962 397 1003 430 nd
1043 396 1157 429 sinum
1196 395 1248 428 St.
1288 392 1490 427 Laurentii!
1529 391 1726 431 (canusso
1765 392 1799 423 et

270 448 550 485 Escnscuomz).
590 451 628 484 21.

161 511 381 568 Specimen
414 511 582 549 unicum
613 507 885 547 fructiferum
917 506 1203 554 caucasicnm,
1236 518 1256 541 a
1290 500 1390 541 clar.
1427 500 1599 541 PARRo'r
1630 498 1798 550 lectum,

44 568 257 628 possideO,
290 579 331 608 et
364 567 446 607 dno
477 565 556 606 alia
588 568 717 605 etiam
749 564 990 613 fructifera,
1026 578 1047 601 a
1081 560 1131 602 cl.
1168 560 1291 600 ADAM
1324 574 1527 600 commun.
1558 562 1600 598 in
1636 556 1797 598 W1LLD.

45 628 157 669 herb.
194 626 273 668 Nr.
306 628 415 665 3484
450 622 548 675 vidi,
580 638 684 678 quae
717 626 852 662 omnia
884 637 931 661 ex
955 619 1162 661 involucri
1194 625 1409 657 structura
1443 615 1523 657 huc
1555 625 1598 656 et
1629 614 1798 670 quidem

43 687 95 726 ob
127 684 227 725 folia
260 681 411 723 subtus
444 682 713 722 subfarinosa
744 679 796 719 ad
830 695 916 721 var.
948 683 988 730 β.
1022 681 1239 735 pertinere
1272 672 1487 716 videntur.
1532 698 1581 702 —
1626 673 1798 728 Compa*

46 742 178 784 wanda
211 751 346 783 tamen
370 756 461 781 cum
483 739 530 781 P.
564 752 766 796 pycnor
781 737 915 790 hiza,
947 740 1066 792 cujus
1089 735 1316 792 specimina
1347 732 1570 772 fructifera
1594 746 1674 770 non
1699 729 1800 772 vidi.

159 837 199 876 6.
261 834 306 875 P.
349 831 490 887 alyida
529 831 703 881 (ADAMS
743 832 786 869 in
819 827 946 870 WEB.
987 835 1029 867 et
1061 825 1193 868 Momz
1224 824 1361 865 Beitr.
1393 823 1442 874 Ι,
1491 838 1531 879 p.
1564 826 1637 873 46)
1686 821 1798 862 foliis

45 891 235 948 oblongis
279 890 419 948 planis
464 898 616 945 argute
660 886 845 928 dentatis
887 885 1045 943 glabris
1087 887 1245 924 sensim
1287 886 1330 922 in
1362 879 1567 938 petiolum
1600 879 1801 921 membra-

46 949 347 991 naceo-alatum
381 950 635 995 attenuatis,
679 944 859 986 umbella
901 942 1132 1000 paucissora
1172 949 1345 989 erecta,
1390 937 1602 980 involucri
1646 937 1801 978 foliolis

46 1007 237 1063 oblongis
282 1005 532 1062 ellipticisve
575 1007 694 1060 apice
735 1001 978 1043 rotundatis
1024 1018 1059 1042 v.
1094 996 1367 1041 acutiusculis
1410 996 1619 1052 calycibus
1652 1012 1802 1052 parum

46 1065 330 1122 longioribus,
365 1062 581 1120 pcdicellis
616 1063 900 1112 brevissimis,
941 1059 1092 1114 calycis
1125 1057 1226 1097 tubo
1258 1054 1438 1097 corollae
1470 1053 1679 1110 subdnplo
1711 1054 1803 1094 brc-

47 1126 176 1165 vioris
209 1126 275 1164 vix
307 1120 357 1162 ad
391 1119 572 1162 medium
605 1118 709 1160 5fidi
741 1119 905 1160 laciniis
937 1121 1071 1158 ovatis
1096 1115 1255 1156 obtusis
1288 1117 1458 1165 erectis,
1491 1111 1675 1153 corollae
1707 1111 1803 1152 sub-

46 1179 458 1222 infundibuliformis
502 1177 619 1219 limbi
661 1177 806 1218 tubum
840 1179 993 1217 sensim
1032 1173 1272 1230 ampliatum
1306 1171 1609 1227 subaequantis
1640 1170 1802 1211 laciniis

46 1237 286 1280 obcordatis
319 1235 477 1278 bifidis.

92 1315 132 1349 P.
158 1314 286 1358 algida.
336 1313 455 1345 Lmnu.
482 1313 647 1354 Monoyr.
674 1311 826 1344 Primul.
855 1323 883 1354 p.
913 1315 973 1350 68,
1001 1314 1021 1340 1.
1051 1314 1080 1340 7.
1119 1325 1146 1328 ’«
1191 1307 1277 1339 Dec.
1306 1307 1433 1339 Prodr.
1467 1305 1577 1346 1‘111,
1615 1316 1644 1348 p.
1673 1307 1726 1338 39.
1762 1321 1802 1328 -

184 1361 226 1393 R.
255 1364 289 1394 ct
318 1359 403 1392 Scn.
430 1360 528 1401 Syst.
553 1368 626 1400 roy.
655 1359 717 1398 11⁷,
746 1370 776 1401 p.
807 1362 882 1390 145.

93 1407 131 1440 Ρ.
158 1405 360 1449 longifolia.
422 1405 471 1437 M.
498 1414 519 1435 a
543 1404 646 1438 an.
674 1406 730 1437 ΡΙ.
758 1409 781 1436 1.
807 1415 836 1437 c.
863 1404 903 1443 Ι,
942 1414 975 1445 p.
1002 1405 1068 1434 422
1104 1403 1189 1436 (non
1227 1401 1319 1438 139).
1357 1415 1402 1421 —
1437 1398 1575 1431 LEDEB.
1603 1398 1658 1430 ΡΙ.
1683 1399 1746 1430 alt.
1773 1396 1804 1437 l,

184 1465 216 1497 p.
244 1459 307 1486 211
335 1452 371 1484 in
401 1455 485 1483 nota
509 1450 611 1489 (excl.
638 1462 716 1493 syn.
741 1449 792 1483 M.
818 1460 837 1481 a
863 1449 992 1486 Buta).
1017 1464 1061 1470 -
1087 1447 1224 1479 Excnw.
1251 1456 1346 1488 casp.
1371 1455 1468 1478 canc.
1495 1456 1527 1488 p.
1554 1447 1607 1477 28.

93 1499 134 1533 P.
161 1499 337 1543 glacialis.
387 1499 527 1532 ern.
553 1497 644 1529 herb.
672 1496 736 1529 Nr.
765 1501 867 1536 3478.
896 1495 956 1528 fol.
983 1500 1016 1527 2.
1045 1509 1085 1516 —
1113 1493 1156 1526 R.
1184 1497 1216 1525 et
1243 1491 1327 1525 Seu.
1354 1492 1453 1534 Syse.
1480 1501 1552 1534 req.
1580 1490 1643 1532 1V,
1669 1500 1700 1533 p.
1728 1492 1804 1523 785.

94 1564 187 1597 Hab.
225 1562 260 1594 in
297 1560 557 1605 provinciis
596 1558 874 1592 ι’τιιιυηςίῡῐςὶ
909 1558 1051 1595 (Amms
1088 1556 1123 1589 in
1156 1556 1294 1589 XVnmn.
1321 1554 1436 1591 herb.)
1474 1553 1525 1593 [in
1560 1552 1735 1588 Knchetia
1772 1556 1806 1586 et

186 1607 384 1642 Somchctia
411 1607 610 1645 (Excuw.)].
654 1610 689 1643 21.

163 1668 478 1727 Speciminibus
511 1665 743 1708 minoribus
780 1665 824 1708 P.
856 1665 1056 1707 nivalis
1088 1663 1200 1706 haud
1233 1662 1469 1713 dissimilis,
1503 1660 1599 1713 sed,
1631 1668 1806 1718 praeter

48 1737 308 1771 structuram
341 1725 579 1768 foliolorum
612 1723 850 1776 involucri,
897 1723 1057 1764 laciniis
1103 1723 1215 1763 limbi
1255 1721 1439 1762 corollae
1480 1719 1719 1761 obcordatis
1752 1717 1806 1760 ad

46 1787 227 1829 medium
260 1787 352 1826 fere
385 1782 527 1825 bifidis
561 1783 865 1826 diversissima.

162 1880 202 1921 7.
264 1878 315 1918 P.
343 1877 621 1930 pycnorhiza:
656 1874 770 1916 foliis
802 1873 994 1931 oblongis
1026 1872 1161 1930 planis
1192 1881 1342 1929 argute
1375 1871 1561 1912 dentatis
1592 1872 1708 1926 apice
1740 1884 1807 1910 ro-

48 1935 236 1978 tundatis
282 1934 441 1992 glabris
487 1936 644 1974 sensim
688 1938 728 1974 in
762 1932 963 1989 petiolum
1005 1929 1519 1971 membranaceo-alatum
1561 1931 1806 1979 attenuatis,

47 1993 224 2036 umbella
258 1992 486 2034 multiflora
519 2001 676 2040 erecta,
709 1990 915 2032 involucri
948 1988 1103 2030 foliolis
1137 1992 1374 2030 numerosis
1396 1985 1807 2027 lineari-lanceolatis

47 2053 138 2094 basi
170 2051 524 2102 subaurieulatis,
571 2049 789 2107 pedicellis
834 2052 973 2090 variae
1018 2046 1294 2103 longitudinis
1328 2045 1491 2086 demum
1524 2043 1707 2099 calycem
1740 2059 1808 2084 su-

48 2110 323 2169 perantibus,
365 2107 519 2163 calycis
560 2109 660 2148 tubo
692 2106 875 2148 corollae
908 2106 1119 2147 brevioris
1152 2104 1265 2146 ultra
1299 2103 1477 2145 medium
1510 2101 1613 2143 5fidi
1643 2102 1807 2142 laciniis

51 2166 495 2224 oblongo-lanceolatis
528 2166 692 2206 obtusis
725 2168 882 2206 erectis
915 2168 1035 2220 apice
1068 2162 1317 2220 subpatulis,
1351 2160 1535 2203 corollae
1568 2160 1808 2218 hypocrati·

51 2227 253 2283 morphae
284 2225 400 2266 limbi
433 2223 532 2265 tubo
565 2223 773 2265 brevioris
807 2223 968 2264 laciniis
1002 2221 1244 2262 obcordatis
1278 2219 1430 2262 bifidis.

97 2303 138 2336 P.
165 2302 377 2346 longifolia‘?
432 2301 570 2334 VVnmn.
596 2301 687 2333 herb.
715 2300 777 2334 ΝΥ.
805 2304 913 2341 3485.
955 2299 1012 2332 fol.
1042 2305 1058 2331 3
1095 2299 1160 2331 snb
1188 2309 1267 2330 num
1294 2297 1332 2329 P.
1360 2296 1494 2329 nivalis
1521 2296 1564 2327 ab
1592 2296 1696 2327 Anm
1721 2305 1809 2327 com·

189 2350 377 2382 municata.

101 2413 190 2445 Hah.
217 2412 251 2444 in
284 2410 539 2455 provinciis
573 2409 856 2443 naueasivis!
883 2410 1008 2447 (Anm
1035 2407 1069 2440 in
1097 2408 1237 2441 VVILLD.
1270 2406 1385 2444 herb.)
1414 2405 1563 2445 [iberizss
1591 2405 1808 2443 (VVlLuELMS

191 2460 237 2502 pl.
264 2459 385 2497 ems.)].
426 2465 462 2496 λι.

172 2520 332 2561 Collum
365 2519 522 2561 radicis
555 2534 741 2560 crassum
774 2517 899 2575 plura
930 2519 1085 2558 emittit
1128 2515 1228 2556 folia
1272 2523 1314 2556 et
1355 2531 1526 2573 scapum
1558 2513 1810 2571 plerumque

59 2577 310 2629 solitarium,
342 2577 419 2618 sub
450 2576 616 2618 anthesi
646 2576 760 2617 foliis
794 2592 967 2633 parum,
1000 2574 1164 2616 demum
1197 2573 1405 2631 subduplo
1436 2573 1683 2630 longiorem.
1730 2568 1812 2610 Ha·

60 2637 150 2678 bitu
184 2639 369 2693 proxima
402 2634 455 2676 ad
487 2635 534 2676 P.
579 2634 807 2691 algidam
840 2633 1023 2684 accedit,
1070 2649 1176 2688 quae
1208 2648 1308 2674 vero
1342 2631 1454 2672 haud
1487 2646 1612 2687 aegre
1646 2628 1812 2684 dignos-

57 2698 170 2737 citur
202 2693 315 2734 foliis
347 2697 523 2734 serratis
558 2697 656 2745 (nec
688 2691 909 2747 dentatis),
941 2690 1116 2732 umbella
1140 2689 1384 2747 paucissora‚
1417 2688 1625 2731 involucri
1657 2685 1811 2727 foliolis

61 2752 190 2794 multa
221 2752 467 2805 latioribus,
512 2750 666 2806 calycis
699 2751 859 2791 laciniis
903 2752 1036 2791 ovatis
1069 2754 1190 2807 apice
1221 2748 1486 2795 rotundatis,
1529 2744 1685 2785 corolla
1717 2743 1812 2785 sub-

58 2809 447 2852 infundibnliformi
491 2816 598 2860 (nec
644 2807 1082 2865 hypocratimorpha).
1153 2806 1320 2847 Corolia
1364 2811 1405 2846 in
1455 2806 1500 2845 P.
1544 2802 1725 2860 algida
1768 2809 1812 2842 et

60 2867 399 2926 pycnorhiza
430 2882 658 2924 purpurea.

175 2965 215 3001 S.
280 2961 325 3001 Ρ.
359 2959 599 3000 auriculam
629 2958 755 3007 (ΒΑΜ.
796 2959 848 3000 It.
883 2958 918 3008 Ι,
953 2974 989 3013 p.
1023 2961 1130 3009 429,
1163 2957 1244 2998 Nr.
1282 2959 1404 2997 1931.
1450 2979 1499 2985 —-
1544 2954 1609 3009 Ej.
1643 2951 1809 3005 Eneycl.

61 3018 177 3061 mella.
219 3019 275 3072 V,
318 3034 357 3074 p.
391 3019 491 3065 628)
525 3016 636 3057 foliis
668 3015 804 3073 planis
837 3014 1224 3071 obovato-oblongis
1256 3022 1405 3070 argute
1437 3021 1480 3053 et
1511 3011 1640 3054 dense
1672 3009 1812 3052 denti-

62 3075 211 3117 culatis
255 3075 416 3117 obtusis
458 3073 722 3131 glaberrimis
763 3077 919 3114 sensim
966 3077 1008 3114 in
1053 3073 1255 3130 petiolum
1298 3067 1811 3113 membranaceo-alatum
