1928 3319
873 98 971 142 66?

101 224 190 256 Hab.
217 223 252 256 in
280 223 444 257 Rossia
470 219 825 265 septentrionali
854 219 937 259 [ins.
963 216 1078 251 aland.
1105 216 1242 258 (KALM,
1269 216 1469 258 szssNH,
1496 214 1638 248 media
1660 213 1798 254 [Esthu-

190 270 249 302 nia
274 281 324 312 pr.
351 269 482 312 Hapsal
509 267 648 305 (Liiwls
673 267 712 298 in
738 266 836 305 lita),
862 264 926 297 ins.
956 264 1069 297 osilia
1095 264 1248 304 (Lucia),
1276 261 1427 295 Livonia
1453 260 1600 301 (Fiscu.)
1627 273 1678 304 pr.
1704 260 1800 293 Salis

192 316 332 352 (Liiwm
370 317 407 348 iu
433 316 536 354 lieu),
573 310 724 345 Curonia
751 322 799 353 pr.
825 310 1046 346 Dondanu-en
1064 333 1073 349 ,
1111 311 1255 351 Aug-ern
1282 313 1315 341 et
1340 307 1590 351 Angermu'nde
1616 308 1799 344 (Ffflscu.

192 366 225 393 ot
239 362 423 399 hamum),
445 358 799 395 Lithuania(G11.ln.‚
818 357 960 397 Juunz„
981 356 1148 396 Etcum),
1162 354 1339 396 Volhynia
1353 349 1539 393 (Elcuvv.)]
1553 356 1585 385 et
1600 352 1801 385 australi

194 407 358 446 [Podalia
394 406 584 443 (Encnw.)]
627 403 731 445 inque
756 401 946 434 Tauria!
988 400 1130 441 (Ptin,
1173 401 1221 433 M.
1256 411 1274 433 a
1301 400 1418 439 ΒιιεΒ.)
1455 405 1487 432 et
1530 398 1802 442 provinciis

193 452 452 486 caucasicis
489 452 626 491 (Fun,
668 447 713 480 Μ.
753 459 773 480 a
810 448 929 484 ΒιεΒ.)
961 445 1019 484 [ad
1057 446 1089 477 fl.
1128 449 1241 480 Kinna
1277 445 1328 481 (S.
1368 446 1410 479 G.
1449 447 1585 482 GMEL.)
1621 448 1653 477 et
1688 444 1803 476 Terek

192 500 449 536 (Gonoessa),
484 495 519 528 in
548 507 621 537 reg,
649 493 835 537 subalpina
862 496 961 526 tract.
988 490 1464 532 septentrionali-orientalis
1498 491 1553 527 (C.
1580 492 1620 525 Α.
1646 489 1802 529 Menan),

193 545 335 578 Ossetia
374 548 405 576 et
440 541 889 579 lmerelia(Gi'JLDEns'1-.),
935 536 1354 578 Mingrelia(E1cuw.),
1397 538 1554 580 provinc.
1592 534 1804 579 Karabagb!

192 592 428 631 (Romanoa,
457 589 608 621 Szovlrs
632 589 678 629 pl.
704 586 799 624 ema.)
827 589 859 617 et
884 583 1036 615 Taliisch
1063 583 1335 621 (Houssamn.)].
1361 586 1395 618 b.

170 646 327 696 Arbor,
360 646 466 685 facie
502 643 610 693 Pini,
644 642 754 697 ligno
787 640 1040 690 durissimo,
1074 638 1212 678 baccis
1245 638 1463 694 (drupis'3)
1494 637 1652 688 rubris,
1685 640 1805 678 semi-

55 704 176 744 nibus
211 702 451 753 (nucibus‘ss)
485 700 621 750 duris,
656 697 815 739 insulas
848 695 1021 737 Kuriles
1058 700 1120 737 15.
1160 701 1224 737 18.
1263 698 1324 734 19.
1360 694 1599 735 inhabitans
1632 695 1805 735 ibidem·

53 777 132 816 que
157 760 348 809 „Raima“
379 760 504 810 dicta,
536 762 658 813 cujus
680 759 832 797 mentio
856 755 902 795 fit
927 757 967 793 in
996 753 1121 794 PALL.
1153 767 1192 793 n.
1216 753 1334 792 nord.
1367 752 1501 793 Beitr.
1527 753 1608 804 IV,
1640 769 1678 809 p.
1708 756 1800 794 128.

57 823 150 859 131.
199 820 276 858 133
318 820 410 857 sine
454 816 580 858 dubio
612 814 665 854 ad
699 814 809 854 hunc
851 811 1041 853 ordinem
1075 813 1275 866 pertinet.
1322 834 1375 841 ——
1417 811 1485 851 An
1518 808 1803 864 Torreyae

55 892 91 918 v.
126 874 483 932 Cephalotaxi
516 872 704 930 species?

307 980 469 1022 Ordo
503 976 788 1020 CXXIII.
829 976 1199 1018 Abietineae.
1260 973 1548 1014 Richard-

174 1056 316 1097 Flores
350 1060 525 1097 monoici
556 1064 628 1096 aut
662 1057 879 1095 rarissime
919 1053 1066 1105 dioici,
1109 1051 1361 1093 staminibus
1394 1060 1437 1091 et
1479 1053 1664 1106 squamis
1696 1064 1810 1105 gem-

56 1112 264 1154 muliferis
298 1117 407 1154 circa
440 1118 533 1154 axin
577 1127 831 1154 communem
863 1112 1118 1162 imbricatis,
1161 1118 1325 1150 amenta
1360 1107 1595 1149 terminalia
1639 1124 1676 1148 v.
1708 1107 1809 1147 late·

56 1170 160 1211 ralia
206 1173 576 1212 constituentibus.
638 1170 866 1210 Amenta
917 1171 1313 1223 staminigera.
1377 1166 1565 1206 Stamina
1611 1164 1809 1220 plurima,

55 1230 320 1279 ebracteata,
352 1233 415 1269 axi
448 1227 636 1284 undique
669 1231 851 1278 inserta,
885 1226 979 1283 plus
1012 1229 1145 1266 minus
1178 1226 1385 1266 conferta.
1450 1222 1683 1263 Filamenta
1716 1222 1811 1263 bre·-

56 1290 247 1340 vissima,
279 1285 590 1338 crassiuscula,
632 1300 817 1341 superne
850 1287 891 1324 in
924 1287 1216 1325 connectivum
1249 1282 1585 1338 squamaeforme
1618 1289 1809 1320 erectum

55 1360 92 1386 v.
125 1343 321 1384 inflexum
354 1344 576 1401 producta.
640 1342 857 1383 Antherae
891 1357 1001 1382 nunc
1034 1339 1308 1381 biloculares:
1350 1337 1494 1379 loculis
1527 1337 1812 1379 ovato-oblon-

56 1405 134 1457 gis,
168 1406 389 1457 oppositis,
420 1403 668 1443 connectivo
700 1408 877 1456 angusto
907 1402 1132 1455 separatis,
1164 1397 1309 1438 eodem
1341 1396 1550 1454 producto
1581 1399 1812 1451 superatis,

55 1458 421 1512 longitudiualiter
453 1457 772 1499 dehiscentibus
805 1466 878 1497 aut
910 1461 1050 1497 rarius
1083 1458 1359 1496 transversim
1393 1457 1561 1509 ruptis,
1594 1468 1703 1493 nunc
1735 1456 1812 1493 tri-

57 1516 408 1558 multiloculares:
441 1515 589 1557 loculis
621 1514 884 1569 cylindricis,
917 1530 939 1554 e
962 1516 1210 1554 connectivo
1242 1528 1370 1566 supra
1401 1510 1569 1551 eosdem
1602 1510 1811 1566 producto

58 1574 234 1630 simplici
269 1591 305 1615 v.
339 1573 500 1631 duplici
533 1577 646 1613 serie
679 1571 894 1628 pendulis,
938 1570 1055 1612 sulco
1086 1568 1385 1626 longitudinali
1428 1571 1602 1625 apertis,
1668 1566 1813 1608 Pollen

57 1631 289 1688 globosum.
352 1632 583 1672 Amenta
634 1627 1033 1685 gemmulifera.
1095 1627 1302 1683 Squamae
1346 1625 1579 1680 plurimae,
1624 1628 1687 1665 axi
1717 1624 1814 1681 plus

59 1693 195 1730 minus
229 1690 423 1745 elongato
456 1688 643 1744 undique
676 1691 889 1736 insertae,
937 1685 1073 1726 nudae
1118 1702 1155 1727 v.
1187 1688 1230 1725 in
1263 1683 1384 1724 axilla
1426 1684 1620 1724 bracteae
1652 1682 1814 1723 liberae

59 1756 132 1787 aut
164 1746 341 1787 adnatae
373 1749 642 1804 persistentis
674 1754 745 1785 aut
777 1743 941 1784 demum
982 1743 1233 1783 obliteratae
1264 1746 1383 1782 sitae.
1458 1739 1704 1782 Gemmulae
1737 1740 1814 1780 sub

60 1809 206 1859 quavis
239 1821 409 1860 squama
442 1808 646 1860 geminae,
681 1812 828 1842 ternae
852 1818 889 1843 v.
913 1800 1072 1858 plures,
1106 1799 1386 1849 collaterales,
1429 1802 1644 1839 rarissime
1678 1802 1813 1849 unica,

62 1863 151 1901 basi
195 1877 267 1902 sua
302 1878 450 1903 versus
484 1861 673 1916 ejusdem
706 1859 888 1900 medium
928 1859 1316 1908 aduam-insertae,
1361 1860 1581 1907 inversae,
1624 1861 1812 1911 atropae‚

60 1918 196 1959 libere
229 1919 436 1976 pendulae
468 1930 537 1959 aut
565 1924 681 1974 juxta
716 1927 841 1958 totam
876 1915 1180 1972 longitudinem
1213 1914 1415 1966 adnatae,
1466 1917 1624 1955 vertice
1657 1917 1699 1953 in
1733 1912 1815 1953 col-

59 1976 142 2017 lum
176 1976 319 2029 breve,
353 1992 442 2016 mox
474 1976 742 2017 obliteratum
771 1973 977 2031 producto
1008 1977 1170 2030 pervio,
1202 1981 1398 2027 respectu
1434 1987 1627 2027 squamae
1658 1971 1814 2011 infero.

61 2034 275 2075 Sti-obilus
298 2051 319 2075 e
343 2039 529 2090 squamis
562 2034 817 2074 seminiferis
847 2032 1182 2088 liguescentibus
1206 2048 1244 2073 v.
1268 2032 1488 2079 coriaceis,
1521 2032 1641 2084 apice
1665 2043 1816 2083 aequa-

63 2091 172 2132 libus
205 2109 240 2134 ν.
272 2093 477 2148 apophysi
508 2095 770 2141 incrassatis,
803 2089 1133 2146 persistentibus
1167 2105 1203 2129 v.
1234 2092 1372 2128 rarius
1407 2086 1496 2126 basi
1528 2084 1677 2126 solutis
1709 2100 1815 2125 com-

64 2153 253 2205 positus,
301 2150 484 2190 bracteis
528 2154 640 2190 inter
679 2163 871 2204 squamas
915 2147 1117 2187 obsoletis
1151 2162 1187 2186 ν.
1220 2145 1436 2185 interdum
1481 2143 1813 2200 persistentibus

63 2207 229 2248 easdem
263 2207 517 2248 velantibus.
582 2207 751 2247 Semina
783 2204 1082 2262 gemmularum
1116 2219 1303 2255 numero,
1339 2203 1447 2253 bina,
1480 2211 1602 2241 terna
1626 2217 1662 2242 v.
1687 2200 1814 2256 plura

63 2274 136 2304 aut
177 2269 393 2305 rarissime
425 2264 640 2315 solitaria,
688 2264 765 2304 snb
810 2265 993 2319 squamis
1035 2277 1112 2317 pro
1145 2276 1286 2300 earum
1329 2263 1574 2315 receptione
1606 2261 1814 2298 excavatis

64 2326 254 2374 inversa,
301 2323 432 2363 libere
474 2321 656 2379 pendula
697 2338 734 2363 v.
766 2319 918 2361 adnata
951 2328 1022 2359 aut
1055 2318 1219 2359 demum
1263 2316 1412 2357 soluta.
1475 2314 1813 2371 integumentum

60 2383 297 2420 coriaceum
328 2397 366 2421 v.
401 2381 781 2427 membranaceum,
813 2377 903 2419 basi
934 2376 1068 2417 latere
1101 2378 1330 2426 exteriore,
1362 2376 1502 2414 rarius
1536 2382 1624 2413 toto
1655 2372 1814 2414 ambitu

62 2440 103 2477 in
149 2436 252 2477 alam
299 2439 655 2478 membranaceam
700 2439 1000 2492 persistentem
1051 2444 1094 2474 et
1135 2449 1227 2473 cum
1273 2436 1432 2472 semine
1480 2429 1697 2471 deciduam
1741 2438 1814 2470 aut

64 2493 278 2536 interdum
320 2495 594 2552 carpophyllo
635 2496 899 2551 pertinacius
932 2491 1263 2540 adhaerentem,
1312 2492 1552 2530 maturitate
1596 2504 1619 2528 a
1653 2491 1811 2528 semine

66 2551 306 2592 solvendam
350 2555 613 2608 productum.
687 2550 871 2605 Embryo
912 2556 1055 2605 (saepe
1099 2551 1139 2588 in
1182 2546 1327 2588 eodem
1370 2550 1528 2587 semine
1560 2546 1812 2600 embryones

66 2609 231 2665 plures)
264 2613 304 2649 in
327 2614 390 2650 axi
423 2610 643 2650 albuminis
667 2612 835 2650 carnosi
858 2611 1114 2663 antitropus,
1147 2604 1334 2660 ejusdcm
1358 2603 1635 2659 longitudine.
1689 2603 1814 2655 Coty-

65 2666 239 2707 ledones
273 2670 428 2719 2-15,
459 2670 764 2724 germinatione
798 2670 999 2721 epigacae
1030 2672 1101 2703 aut
1134 2666 1349 2703 rarissime
1384 2662 1638 2718 hypogaeae.
1686 2658 1814 2699 Radi-

64 2724 158 2765 cula
191 2723 437 2779 cylindrica,
470 2729 642 2766 seminis
675 2728 832 2781 apicem
864 2732 1078 2779 spectans,
1111 2724 1274 2760 ratione
1306 2735 1505 2774 squamae
1538 2732 1706 2772 supera.

65 2818 310 2865 Tribus
350 2819 386 2866 1.
458 2818 881 2865 Abietineac
919 2830 1123 2861 verae.
1194 2815 1442 2860 ENDLICH.
1471 2809 1600 2872 Syn.
1643 2806 1811 2872 Conif.

412 2903 457 2948 p.
495 2891 574 2934 79.
600 2915 651 2918 —
676 2887 754 2948 Ej.
785 2901 898 2949 [jen.
937 2882 1120 2946 Secppl.
1160 2881 1273 2938 IV,
1311 2880 1363 2936 2,
1403 2897 1446 2942 p.
1487 2883 1531 2926 5.

186 2975 394 3034 Squamae
438 2975 689 3030 dispermae.
753 2975 923 3016 Semina
965 2988 1161 3029 squamae
1203 2970 1388 3022 adnata,
1441 2966 1605 3010 demum
1648 2967 1698 3010 ab
1743 2967 1812 3009 illa

70 3033 219 3076 soluta.
284 3033 501 3075 Antherae
535 3032 796 3076 biloculareS.
