1897 3319
885 170 982 215 478

60 296 102 329 et
134 286 475 344 angustioribus,
508 289 650 343 pauci·
681 295 723 328 et
746 288 1040 344 plui-inerviis,
1071 293 1133 332 vix
1157 290 1341 332 dentatis
1364 298 1407 330 et
1428 290 1816 335 sinuato-dentatis,

63 346 247 403 Capsula
272 345 519 401 plerumque
543 350 753 400 Ssperma,
787 345 968 387 subinde
999 357 1136 389 autem
1159 354 1354 406 4sperma
1377 357 1419 389 et
1449 352 1490 390 in
1514 350 1814 406 speciminibus

62 403 114 444 ab
147 420 224 445 am.
258 402 545 442 Kmsmm'rZKY
577 406 619 442 iu
653 402 789 444 insula
822 404 929 445 Sara
962 404 1082 447 lectis
1118 412 1353 464 ltisperma.

177 499 216 535 5.
280 494 328 533 P.
358 493 566 545 paludosa
599 493 776 544 (TURcz.
804 495 860 548 pl.
894 510 982 538 em.
1015 512 1053 537 α.
1086 498 1239 547 1829)
1287 497 1399 538 foliis
1442 501 1573 539 ovatis
1618 497 1817 554 ellipticis

64 550 188 606 longe
222 550 435 608 petiolatis
469 550 736 593 subdentatis
769 557 954 595 5nerviis
985 554 1143 609 glabris
1177 571 1214 597 v.
1247 555 1342 612 pilis
1376 559 1486 595 raris
1518 555 1818 596 crassiusculis

60 607 302 663 adspersis,
336 623 461 664 scapo
493 613 668 661 striato,
701 614 815 666 spica
848 608 1041 667 elongata
1073 611 1306 665 cylindrica
1338 612 1507 669 gracili,
1548 612 1726 653 floribus
1760 617 1821 653 in-

61 667 299 706 ferioribus
332 667 659 719 remotioribus,
694 667 877 708 bracteis
909 672 1041 709 ovatis
1075 667 1257 722 calycem
1290 670 1504 711 dimidium
1537 671 1819 726 aequantibus

62 723 306 779 sepalisque
348 728 549 765 carinatis
594 728 730 766 acutis
781 724 939 782 glabris
988 729 1176 782 margine
1234 727 1593 780 membranaceis,
1649 727 1821 785 capsula

61 780 340 837 polysperma.

106 856 144 888 P.
173 857 333 891 asiatica.
383 858 514 891 Tuncz.
544 858 617 892 Cat.
647 859 786 891 Bailml.
812 857 878 889 No.
906 861 984 891 937.

107 904 146 936 P.
174 903 320 937 asiatica
346 915 421 936 var.
471 906 514 938 Α.
542 905 752 937 Bias-eom.
779 905 801 936 l.
828 914 856 935 c.
882 915 913 946 p.
944 908 998 936 13.

107 967 198 1000 Hab.
225 967 260 999 in
289 965 473 999 Sibiria
507 965 909 1000 transbaikalensi
948 966 984 998 in
1026 965 1206 1009 paludosis
1243 966 1286 1000 ad
1313 966 1425 999 lacum
1453 966 1652 1008 „Gussinoii
1680 968 1818 1003 Osero“

202 1012 556 1052 ‹lictun1!(‘rup.cz.).
599 1018 636 1051 21.

178 1079 217 1121 A
253 1079 299 1122 Ρ.
333 1083 546 1134 majore,
578 1083 698 1135 cujus
731 1080 842 1120 forte
874 1083 1076 1135 varietas,
1109 1078 1377 1136 dignoscitur
1408 1082 1578 1136 petiolis
1612 1081 1822 1138 longiori·

62 1136 166 1189 bus,
212 1141 352 1193 scapis
395 1136 646 1193 plerumque
687 1141 815 1193 magis
847 1136 1077 1194 elongatIS,
1121 1141 1251 1195 spicis
1293 1139 1344 1179 ob
1390 1138 1516 1179 flores
1564 1143 1749 1180 minores
1781 1148 1825 1179 et

64 1194 258 1236 nonnihil
300 1198 551 1235 remotiores
594 1195 892 1247 tenuioribus,
939 1197 1121 1236 bracteis
1168 1197 1415 1238 minoribus.
1490 1196 1603 1238 Folia
1647 1196 1824 1238 subinde

63 1256 395 1308 septemnervia:
428 1256 573 1293 nervis
608 1257 772 1293 extimis
805 1270 925 1308 quain
959 1257 1185 1294 interiores
1218 1253 1340 1311 longe
1375 1256 1656 1297 tenuioribus.
1720 1256 1826 1311 Cap-

64 1311 181 1351 sulae
215 1320 402 1351 maturae
436 1313 476 1350 in
510 1311 810 1367 speciminibus
851 1315 1118 1368 spontaneis,
1163 1328 1270 1368 quac
1302 1313 1522 1369 possideo,
1566 1312 1742 1364 desunt3
1783 1316 1826 1353 in

63 1367 187 1409 cultis
220 1372 364 1410 ovaria
396 1367 677 1423 pluriovulata
712 1368 813 1409 mihi
846 1374 933 1410 visa
966 1378 1077 1412 sunt.
1152 1370 1199 1411 ln
1245 1369 1380 1411 hortis
1425 1370 1537 1412 culta
1568 1370 1668 1412 folia
1700 1385 1827 1428 saepe

64 1430 236 1482 majora,
269 1425 449 1483 petiolos
481 1435 618 1466 autem
652 1434 694 1467 et
725 1442 874 1484 scapos
908 1428 1126 1469 breviores
1159 1428 1339 1484 profert.

180 1521 218 1558 6.
282 1519 331 1559 Ρ.
363 1517 538 1560 sz‘birz'ca
561 1515 633 1568 (H.
654 1520 809 1571 paris.)
842 1518 957 1559 foliis
990 1518 1191 1574 ellipticis
1216 1535 1254 1561 v.
1280 1518 1672 1576 oblongo-ellipticis
1703 1519 1827 1577 longe

63 1575 277 1633 petiolatis
303 1576 420 1616 basin
445 1591 597 1617 versus
624 1576 813 1617 obsolete
836 1576 1232 1633 repando-dentatis
1249 1581 1591 1634 integerrimisve
1609 1582 1827 1619 trinerviis

65 1638 123 1685 (v.
156 1636 296 1690 potius
331 1632 627 1689 triplinerviis)
660 1632 821 1690 glabris
854 1649 979 1691 scapo
1012 1635 1243 1675 substriato
1276 1651 1403 1691 parce
1436 1635 1641 1692 adpresse
1677 1635 1827 1691 piloso,

64 1695 181 1747 spica
212 1689 408 1746 elongata
440 1690 698 1745 cylindrica,
742 1690 921 1732 floribus
955 1693 1233 1733 inferioribus
1265 1695 1594 1748 remotioribus,
1643 1693 1826 1734 bracteis

63 1748 205 1804 calyce
238 1746 412 1789 dimidio
454 1747 726 1790 brevioribus
767 1749 1007 1806 sepalisque
1050 1750 1382 1791 suborbiculatis
1426 1754 1545 1807 apice
1586 1751 1827 1792 rotundatis

64 1810 252 1862 margine
284 1805 366 1846 late
399 1809 598 1847 scariosis
629 1810 895 1860 acuminatis,
926 1807 1096 1865 capsula
1128 1817 1405 1864 octosperma.

110 1883 151 1916 P.
178 1881 335 1916 sibirira.
387 1881 487 1915 Pom.
516 1883 666 1926 Encycl.
691 1881 798 1915 me'llt.
824 1883 950 1926 Suppl.
978 1884 1042 1925 IV,
1072 1895 1104 1925 p.
1131 1888 1208 1918 434.
1237 1901 1277 1907 -
1305 1882 1348 1918 R.
1369 1888 1402 1917 et
1421 1883 1505 1918 Sca.
1531 1885 1629 1926 Syst.
1655 1894 1730 1929 veq.
1749 1884 1825 1927 ΙΙΙ,

205 1941 237 1972 p.
268 1932 342 1962 116.
370 1945 410 1950 —-
440 1929 610 1961 fluam-zm.
635 1930 667 1961 Ιι.
693 1929 794 1970 hafn.
820 1931 940 1972 suppl.
965 1941 996 1972 p.
1026 1935 1099 1963 121.

109 1974 150 2007 P.
177 1974 333 2008 asiatica.
383 1974 520 2010 Lenze.
549 1976 607 2011 F'l.
634 1977 696 2008 alt.
723 1977 753 2016 Ι,
781 1987 813 2018 p.
845 1979 920 2009 143.

117 2037 211 2071 Hab.
237 2037 270 2069 in
299 2036 481 2071 Sibiria
507 2037 700 2071 altaica!
727 2039 807 2077 (FL.
833 2041 942 2079 nm).
984 2043 1020 2077 22.

182 2117 425 2173 Descriptio
458 2115 510 2158 cl.
543 2115 703 2157 Pomm
735 2119 837 2158 satis
870 2116 976 2158 bene
1008 2120 1049 2158 in
1083 2125 1275 2159 nostram
1308 2117 1491 2176 plantam
1524 2118 1729 2177 quadrat,
1763 2135 1829 2160 ex·

67 2182 189 2231 cepta
216 2173 418 2216 foliorum
444 2173 749 2230 magnitudine,
782 2190 889 2232 quae
912 2179 1023 2217 4--5
1047 2175 1146 2232 poll.
1168 2175 1305 2233 longa,
1338 2182 1362 2218 2
1385 2177 1485 2235 poll.
1507 2176 1592 2219 lata
1613 2178 1829 2231 dicuntur,

70 2235 115 2273 in
147 2241 295 2274 nostra
326 2240 468 2274 autem
502 2236 613 2274 2—3
645 2231 743 2290 poll.
773 2232 910 2289 longa,
944 2236 964 2272 1
1003 2232 1103 2289 poll.
1136 2232 1220 2274 lata
1252 2243 1366 2276 sunt.

628 2355 695 2395 ††
735 2354 937 2390 Loculi
978 2354 1266 2399 dispermi.

192 2435 232 2476 7.
294 2435 345 2475 Ρ.
387 2434 684 2478 kamtschatz'ca
715 2433 844 2485 (me
875 2435 1024 2477 Emcm.
1056 2436 1095 2477 k.
1127 2435 1255 2478 berol.
1287 2434 1331 2488 Ι,
1375 2452 1415 2492 p.
1451 2439 1552 2488 120)
1599 2434 1713 2476 foliis
1757 2434 1827 2476 ob-

70 2488 206 2546 longis
254 2496 463 2534 cuneatim
506 2497 548 2534 in
592 2492 792 2550 petiolum
835 2497 1065 2534 attenuatis
1108 2493 1375 2534 subdentatis
1408 2496 1598 2536 5nerviis
1630 2498 1830 2550 utrinque

71 2550 239 2598 (subtus
274 2547 467 2602 densius)
511 2567 721 2608 scapoque
763 2555 913 2592 striato
956 2561 998 2592 et
1030 2550 1149 2591 raclii
1180 2550 1351 2608 pilosis:
1397 2551 1494 2607 pilis
1538 2551 1830 2593 crassiusculis

70 2609 299 2662 crispatIS,
332 2611 444 2663 spica
478 2608 734 2663 cylindrica,
766 2608 945 2650 floribus
978 2611 1253 2650 inferioribus
1285 2609 1613 2662 remotioribus,
1646 2610 1831 2651 bracteis

73 2667 211 2705 ovatis
245 2668 447 2706 carinatis
479 2666 622 2721 calyce
654 2667 1004 2708 subbrevioribus
1036 2666 1275 2725 sepalisque
1298 2666 1461 2708 obtusis
1486 2672 1675 2724 margine
1706 2682 1831 2709 mem·

75 2720 294 2762 branaceis
325 2722 500 2779 glabris,
535 2724 703 2782 capsula
738 2733 1033 2782 tetrasperma.

119 2797 159 2831 P.
184 2797 449 2832 kanuschatica.
500 2799 656 2834 Spem-G.
683 2803 783 2844 Syst.
808 2811 884 2845 vegr.
914 2802 943 2844 l7
972 2813 1002 2844 p.
1028 2805 1109 2835 434.
1148 2818 1188 2824 -
1223 2800 1378 2834 Senum.
1406 2803 1521 2834 Mane.
1549 2803 1602 2835 ad.
1631 2802 1729 2845 Syst.
1755 2811 1828 2845 vey.

211 2845 284 2886 111,
313 2857 342 2889 p.
372 2849 426 2878 72.
465 2864 505 2869 —
540 2846 718 2880 Cmmtsso
745 2851 777 2880 et
803 2847 1079 2881 Scan-:cursum-
1104 2847 1142 2880 in
1167 2847 1334 2881 Limzaea
1359 2849 1391 2889 J,
1419 2860 1450 2891 p.
1481 2852 1563 2892 1653
1598 2849 1666 2890 VI,
1692 2858 1723 2891 p.
1751 2851 1829 2880 589.

212 2907 254 2913 —
281 2891 478 2925 Bmmssonn
504 2893 527 2925 l.
553 2903 582 2926 c.
609 2905 642 2935 p.
673 2899 725 2927 13.

122 2958 216 2992 Hah.
242 2957 278 2991 in
305 2960 660 2995 Kamtschatka!
688 2963 890 3001 (Cmmnsso
916 2967 950 2996 et
974 2963 1254 3001 Escuscnomz).
1296 2968 1332 3001 21.

191 3036 419 3095 Specimen
459 3044 627 3082 unicum
674 3057 823 3097 parum
862 3040 1075 3084 evolutum
1118 3055 1141 3081 e
1174 3039 1418 3083 Davuria
1450 3039 1669 3099 possiden,
1716 3041 1829 3097 quod

77 3092 208 3151 hujus
240 3100 397 3153 speciei
429 3113 520 3140 csse
552 3097 734 3142 videtur.
