1897 3319
917 156 1017 204 124

137 286 228 319 Hah.
256 285 291 318 in
326 281 510 317 Tauria!
537 282 685 321 (Hine,
724 279 850 321 Pin„
876 278 926 312 M.
953 289 972 310 a
997 279 1114 317 Bmss.)
1141 282 1174 312 ct
1208 276 1470 323 provinciis
1503 274 1760 309 caucasicis
1786 273 1838 314 [in

228 329 425 373 subalpinis
452 327 518 366 (M.
545 339 565 360 ιι
592 328 729 370 Busa),
768 326 826 358 alt.
857 330 1039 359 400—900
1066 326 1183 369 bcxap.
1211 325 1267 363 (C.
1295 326 1335 358 A.
1361 324 1532 364 Mamm),
1572 321 1701 355 Iberia!
1726 323 1838 360 (Win-

227 388 345 409 nssmvis
369 376 414 418 pl.
441 375 548 415 exon),
575 385 625 417 pr.
652 372 835 406 castellum
862 371 1114 407 Gelindschik!
1140 372 1364 409 (NonDMANN
1388 372 1434 412 pl.
1461 371 1581 409 eamd).
1625 375 1661 407 21..

208 438 354 479 Variat
386 435 500 476 foliis
532 435 754 476 latioribus
785 443 827 474 et
859 433 1187 491 angustioribus,
1222 433 1386 474 obtusis
1410 441 1451 472 et
1473 435 1620 482 acutis,
1652 433 1840 485 margine

92 498 228 554 planis
261 504 302 536 et
332 493 561 546 revolutis;
610 491 867 534 radicalibus
909 502 950 533 et
992 491 1292 533 fasciculorum
1337 489 1546 531 sterilium
1578 487 1839 543 longioribus

92 553 230 604 (caule
262 552 433 593 dimidio
468 552 755 600 brevioribus)
800 560 840 591 et
885 550 1154 591 brevioribus
1198 553 1282 602 (vix
1320 550 1366 601 Ἀ
1400 546 1528 588 caulis
1561 545 1743 587 floriferi
1774 560 1840 585 ae·-

89 611 362 669 quantibus)3
387 609 620 650 tuberculis
645 608 870 664 majoribus
894 618 934 649 et
958 607 1207 661 minoribus,
1230 606 1465 647 rarioribus
1489 615 1531 644 et
1554 603 1839 653 densioribus,

88 670 188 727 pilis
222 668 491 723 paucioribus
525 684 561 709 v.
593 666 901 723 copiosioribus
934 667 1106 719 obsitis3
1141 670 1242 705 setis
1265 665 1479 721 adpressis
1504 672 1544 703 et
1576 661 1837 719 patentibus3

88 728 315 785 superficie
348 731 462 768 inter
495 725 713 767 tubercula
746 725 869 766 viridi
904 736 945 764 et
976 728 1145 776 incana,
1177 722 1346 763 corollis
1379 721 1604 778 majoribus
1638 728 1680 760 ct
1712 723 1838 760 mino·

89 785 225 838 ribus,
258 801 390 841 supra
423 784 606 825 medium
641 801 677 825 v.
710 798 861 824 versus
894 786 1053 838 apicem
1085 780 1307 838 ampliatis,
1340 789 1457 820 extus
1491 778 1618 819 dense
1654 795 1689 819 v.
1714 792 1839 833 parce

88 842 416 903 pubescentibus
439 847 671 898 (nunquam
697 856 795 882 vero
826 839 995 895 glabras
1026 840 1281 890 observavi),
1314 854 1418 894 quae
1441 839 1600 878 formae
1625 840 1680 876 ita
1705 839 1842 876 varia-

90 902 193 943 biles
227 911 351 953 sunt,
387 911 432 941 ut
465 917 546 941 non
581 899 704 940 modo
735 897 787 937 ad
820 902 1006 953 species,
1040 897 1115 939 sed
1149 914 1198 937 ne
1231 896 1283 937 ad
1317 900 1541 936 varietates
1574 894 1743 951 quidem
1777 891 1847 933 de-

89 960 296 1001 finiendas
337 958 566 1000 sufficiant.
642 954 883 997 Notandum
924 960 1120 1013 insuper,
1169 955 1337 1013 plantae
1378 957 1591 1004 tauricae,
1634 956 1699 992 cui
1745 951 1848 992 folia

90 1022 339 1076 angustiora
370 1016 685 1067 adscribuntur,
717 1017 943 1069 specimina
975 1031 997 1055 a
1031 1030 1093 1054 me
1126 1017 1218 1070 ipso
1250 1012 1357 1053 lecta
1383 1011 1497 1053 foliis
1529 1011 1751 1052 latioribus
1785 1013 1849 1050 in-

91 1086 256 1118 structa
289 1090 396 1126 esse,
429 1090 551 1131 quam
585 1077 625 1114 in
660 1071 742 1113 ullo
776 1075 1003 1128 specimine
1036 1075 1252 1112 caucasico
1284 1069 1384 1112 vidi.

209 1150 261 1192 Ο.
297 1156 598 1191 montanum
630 1146 679 1187 ab
714 1146 793 1187 hoc
826 1150 888 1188 vix
922 1144 1081 1186 differt.

205 1236 244 1273 3.
308 1230 352 1274 0.
398 1228 574 1284 riyidum
620 1228 796 1278 (Lanae.
836 1230 878 1267 in
914 1225 1109 1268 PANDsas
1150 1226 1285 1269 Beitr.
1316 1226 1368 1280 I,
1427 1243 1454 1267 ).
1488 1227 1560 1273 67)
1601 1223 1717 1266 caule
1760 1222 1850 1264 basi

87 1289 350 1347 liguescente
382 1289 682 1339 ramosissimo,
715 1289 844 1327 ramis
876 1289 1033 1326 erectis
1067 1301 1102 1326 v.
1137 1243 1495 1325 adscendentibus
1528 1281 1787 1340 simplicibus
1811 1298 1849 1323 v.

88 1351 277 1397 ramosis,
309 1345 422 1388 foliis
455 1345 734 1386 inferioribus
767 1343 961 1400 oblongis
995 1344 1085 1384 basi
1116 1347 1370 1395 attenuatis;
1411 1344 1619 1399 supremis
1652 1339 1850 1397 oblongo-

89 1423 127 1449 ν.
158 1403 598 1452 lineari-lanceolatis;
641 1401 940 1444 fasciculorum
982 1400 1188 1442 sterilium
1223 1400 1493 1441 brevioribus
1525 1398 1849 1454 latioribusque,

89 1469 268 1506 racemis
321 1462 626 1519 subgeminatis
670 1464 835 1513 (rarius
879 1459 1083 1501 solitariis
1124 1475 1161 1500 v.
1203 1462 1383 1510 ternis),
1439 1456 1616 1498 floribus
1664 1459 1850 1507 cernuis,

89 1522 230 1579 calyce
261 1520 464 1563 corollam
496 1523 615 1576 apice
648 1518 885 1575 ampliatam
919 1517 1134 1559 dimidiam
1157 1526 1404 1575 superante,
1439 1515 1629 1557 antberis
1660 1513 1846 1555 filamen-

91 1590 230 1623 torum
261 1589 424 1638 partem
460 1579 632 1619 liberam
667 1575 1056 1633 subaequantibus,
1101 1576 1379 1633 caryopsibus
1413 1575 1673 1631 subtrigonis
1704 1572 1850 1615 laevis-

94 1644 208 1681 simis
241 1638 509 1695 glaberrimis
543 1634 688 1677 nitidis
721 1633 1091 1676 fusco-maculatis.

139 1717 180 1750 O.
208 1715 371 1759 rigidum.
421 1715 555 1748 Lunna.
584 1714 638 1746 Fl.
666 1715 726 1746 alt.
755 1713 785 1752 Ι,
811 1723 843 1755 p.
874 1716 936 1745 180
964 1711 1000 1743 in
1029 1711 1143 1744 adnot.
1168 1728 1213 1733 —-
1240 1711 1287 1753 Ej.
1322 1711 1370 1743 lc.
1397 1711 1443 1752 pl.
1472 1711 1526 1742 Fl.
1551 1718 1647 1741 ross.
1672 1709 1701 1748 Ι,
1728 1711 1750 1742 t.
1771 1712 1850 1741 238.

235 1780 273 1785 —
312 1762 397 1794 Dssc.
431 1761 560 1793 Prodr.
592 1759 643 1800 X,
682 1771 714 1803 p.
741 1763 796 1792 60.
837 1777 869 1780 -
911 1759 1033 1791 F1scn.
1060 1762 1093 1790 et
1121 1758 1250 1791 MEYEP.
1285 1758 1362 1790 lud.
1390 1757 1455 1790 IV.
1494 1766 1578 1788 sem.
1610 1755 1642 1787 h.
1676 1756 1853 1798 pelropol.

139 1857 180 1890 Ο.
208 1813 383 1888 cgliiolildes
409 1851 442 1885 ὁ.
463 1852 615 1893 humilis,
645 1863 795 1894 ramosa,
824 1851 908 1891 pilis
934 1851 1043 1883 caulis
1060 1850 1299 1894 foliorumque
1321 1848 1575 1889 albicantibus,
1603 1847 1751 1881 corollis
1776 1847 1847 1891 pal-

232 1901 323 1935 lidis.
374 1900 421 1932 M.
449 1911 467 1931 a
495 1900 593 1931 Bfflss.
626 1901 678 1932 ΡΙ.
706 1902 730 1932 t.
758 1909 786 1931 c.
817 1900 843 1939 l,
869 1909 900 1941 p.
934 1899 1020 1930 131?

139 1948 180 1982 O.
208 1947 399 1981 ccliioidos
453 1947 561 1979 Hfflr..
590 1952 683 1978 laur.
711 1957 743 1988 p.
776 1946 862 1978 155?
896 1963 930 1966 —
960 1945 1066 1976 Pus..
1094 1943 1171 1975 lml.
1198 1943 1340 1975 Taum?

138 2010 177 2053 β.
205 2011 368 2045 omnibus
394 2010 429 2042 in
458 2011 619 2054 partibus
644 2009 769 2041 minor.

137 2077 227 2109 Hah.
256 2075 289 2107 in
319 2075 505 2107 Tauria:
532 2084 567 2106 (ι.
596 2074 689 2106 inter
714 2073 870 2117 Jursuph
898 2076 931 2104 ct
956 2070 1090 2105 Nikita!
1118 2071 1309 2109 (Lem-:1303

239 2136 277 2180 β.
306 2149 355 2182 pr.
384 2137 549 2170 Kcrtsch!
576 2138 754 2177 (Limisa).
794 2142 830 2175 22.

215 2201 281 2242 Ab
314 2199 594 2241 antecedente
627 2198 775 2239 differt
814 2201 1055 2239 ramositate
1097 2194 1277 2236 caulium
1325 2203 1366 2235 et
1400 2209 1525 2250 saepe
1559 2196 1683 2233 etiam
1716 2207 1853 2232 ramo-

96 2277 203 2310 rum,
235 2259 347 2300 foliis
380 2257 678 2298 fasciculorum
713 2256 925 2298 sterilium
959 2253 1227 2295 brevioribus
1261 2264 1302 2294 et
1333 2269 1410 2310 pro
1438 2250 1700 2305 longitudine
1734 2249 1854 2290 latio-

92 2318 234 2367 ribus,
275 2317 485 2371 calycibus
518 2320 682 2356 ratione
714 2314 893 2356 corollae
926 2312 1188 2369 longioribus
1222 2327 1372 2367 nempe
1404 2309 1605 2351 corollam
1640 2307 1852 2349 dimidiam

92 2377 418 2433 superantibus,
454 2389 528 2415 nec
558 2374 627 2415 illa
662 2373 754 2430 plus
788 2372 915 2431 duplo
948 2371 1128 2427 triplove
1161 2369 1445 2420 brevioribus,
1477 2367 1648 2408 corollis
1683 2370 1853 2406 minori-

92 2436 171 2476 bus
196 2444 274 2476 etc.
303 2458 353 2464 -—-
379 2432 528 2473 Caules
553 2431 643 2472 basi
668 2433 950 2489 {ignoscentes
973 2429 1138 2470 demum
1164 2427 1423 2486 epiclermide
1447 2425 1675 2468 secedente
1698 2423 1849 2481 glabri.

98 2491 293 2533 Corollae
325 2491 480 2548 pallide
515 2489 660 2543 flavae,
693 2500 811 2531 extus
845 2504 994 2530 versus
1027 2491 1185 2544 apicem
1219 2485 1460 2542 puberulae.

211 2578 250 2614 4.
314 2574 360 2614 O.
391 2571 661 2626 qiqanleum?
694 2570 823 2619 (ΒΑΜ.
856 2569 923 2612 Ill.
962 2568 1039 2611 Nr.
1070 2573 1189 2609 1840.
1217 2594 1267 2600 —-
1294 2567 1407 2607 Pom.
1432 2565 1599 2618 Encycl.
1632 2564 1748 2606 me'tlae.
1771 2562 1852 2615 IV,

95 2649 135 2689 p.
170 2633 273 2679 534)
306 2629 425 2671 caule
460 2646 623 2669 ramoso
658 2629 853 2686 foliisque
885 2627 1062 2668 caulinis
1104 2625 1542 2679 subovato-oblongis
1575 2627 1676 2663 setis
1711 2621 1854 2662 tuber-

94 2688 188 2730 culo
232 2693 413 2746 primum
459 2686 591 2745 piloso
626 2686 790 2728 demum
832 2686 978 2743 glabro
1022 2685 1306 2726 insidentibus
1341 2682 1543 2740 hispidis,
1589 2683 1764 2722 racemis
1811 2683 1853 2719 in

97 2763 311 2788 ramorum
343 2749 461 2803 apice
496 2745 729 2799 solitariis,
772 2745 951 2786 floribus
995 2747 1189 2795 cernuis,
1236 2743 1388 2797 calycis
1432 2741 1591 2782 laciniis
1626 2737 1854 2780 linearibus

100 2804 304 2859 hispidis,
348 2803 505 2845 corolla
538 2803 699 2845 clavata
728 2803 864 2858 calyce
895 2802 992 2860 plus
1025 2801 1151 2858 duplo
1184 2800 1399 2858 longiore,
1447 2798 1641 2839 antheris
1674 2795 1855 2837 filamen-

102 2873 238 2904 torum
271 2872 393 2918 parte
422 2861 559 2903 libera
593 2863 877 2914 brevioribus,
910 2859 1018 2914 stylo
1052 2868 1231 2901 exserto.

147 2940 188 2973 Ο.
216 2940 393 3019 gigaffitea.
417 2939 693 3024 BDi-:cijrodn
723 2939 764 2980 X.
791 2951 823 2983 p.
851 2940 920 2971 60?
947 2955 992 2961 —
1017 2938 1133 2970 me.
1153 2936 1342 2980 Asperisol.
1370 2947 1400 2979 p.
1429 2939 1493 2968 365
1521 2932 1624 2972 (excl.
1651 2941 1727 2974 syn.
1747 2930 1852 2963 Pau..

235 2993 267 3020 et
340 3013 346 3020 .
372 2998 392 3019 a
450 2997 516 3018 1133.
547 3011 553 3018 .

143 3051 234 3085 Hab.
262 3051 297 3083 in
325 3048 579 3095 provinciis
605 3048 863 3083 caucasicis
893 3046 1039 3089 {Iberia}
1067 3046 1229 3083 (vamv
1257 3046 1291 3078 in
1318 3046 1415 3079 herb.
1444 3056 1518 3088 reg.
1544 3043 1702 3082 berol.)].
1745 3048 1781 3081 22.

211 3114 445 3170 Diagnosin
488 3112 655 3154 confeci
699 3110 751 3152 ad
790 3114 1003 3168 specimen
1046 3108 1344 3166 incompletum
1392 3106 1469 3147 sub
1517 3105 1595 3146 boc
1627 3107 1794 3146 nomine
1826 3121 1848 3145 a
