1928 3319
902 118 999 164 ⁷45

494 242 605 286 879.
675 242 901 287 Londesia.
970 244 1113 289 Fiscu.
1148 247 1190 288 et
1224 243 1400 288 Mnma.

120 341 196 374 Ind.
223 341 275 382 11,
299 350 383 374 sem.
410 342 441 375 h.
465 341 632 383 petrapol.
663 352 693 383 p.
721 345 774 373 40.
805 358 838 363 -
870 340 1123 382 Mucia-Tmo.
1152 342 1186 374 in
1213 343 1301 375 Dec.
1328 343 1461 376 Prodr.
1487 341 1598 383 XIII,
1622 341 1659 382 2,
1686 351 1717 384 p.
1748 345 1823 375 128.

212 405 251 410 —-
281 388 333 428 Ej.
360 387 505 429 chenop.
532 397 562 429 p.
590 391 643 420 97.
688 403 727 408 —
771 387 981 421 Esmcuea
1005 398 1082 430 qen.
1111 400 1141 431 p.
1169 393 1246 422 295.
1285 406 1316 411 -
1352 389 1483 423 Mmsm.
1509 399 1588 432 qen.
1614 399 1645 431 p.
1673 392 1753 423 320.
1782 405 1821 409 —-

213 433 403 467 Comment.
433 446 463 476 p.
492 437 567 464 233.

188 512 334 553 Flores
366 512 603 568 polygami,
635 512 830 569 perfecti·
850 517 1071 569 pauciores
1104 517 1144 553 in
1179 512 1495 555 inflorescentia
1528 517 1736 554 communi
1768 517 1827 569 pi-

72 569 289 627 stilligeris
321 571 631 626 copiosioribus
665 572 908 622 inferiores,
942 571 1189 622 ebracteati,
1223 572 1437 623 axillares,
1471 571 1663 624 solitarii,
1694 571 1826 627 longi·

73 628 218 669 tudine
251 629 383 670 caulis
417 643 463 668 ac
494 644 704 669 ramorum
737 632 778 669 in
823 632 949 684 spicis
982 628 1145 669 foliosis
1177 629 1272 670 lana
1312 629 1552 671 obvallante
1583 630 1826 687 longissime

70 685 248 727 floccose
271 690 469 727 intricata
500 686 551 726 ad
571 690 750 743 speciem
781 688 962 742 globosis
985 687 1195 743 dispositi.
1259 686 1530 743 Perigonium
1554 688 1826 745 subgloboso-

71 743 360 795 urceolatum,
413 748 660 785 tenuissime
703 743 1065 786 membranaceum
1110 749 1151 785 in
1196 746 1340 786 fructu
1386 745 1824 803 exappendiculatum,

69 801 220 843 florum
252 815 274 853 ςξ
305 802 538 858 aequaliter
570 808 593 843 5
629 820 664 844 v.
696 801 990 855 4-dentatum,
1023 807 1265 859 pericarpio
1299 804 1465 844 demum
1497 804 1652 846 leviter
1683 803 1826 861 agglu-

71 865 226 911 tinans,
261 859 409 901 florum
445 871 470 911 ῼ
505 864 621 916 apice
654 871 893 902 truncatum
919 878 955 901 v.
980 861 1292 902 obsoletissime
1316 871 1546 914 erenatum,
1580 878 1671 903 mox
1694 878 1824 917 supra

68 922 269 975 germinis
303 922 503 959 verticem
535 928 795 960 contractum
828 923 1068 976 pericarpio
1102 919 1284 960 firmiter
1315 920 1563 961 adnascens.
1635 920 1824 961 Stamina

69 982 93 1017 5
128 993 164 1019 v.
197 980 249 1026 4,
297 976 446 1017 florum
481 976 780 1018 nonnullorum
814 981 1033 1018 rarissime
1066 982 1288 1033 pauciora,
1321 978 1443 1020 valde
1476 986 1655 1019 exserta.
1720 977 1827 1018 Fila-

69 1044 209 1075 menta
254 1034 472 1075 filiformia
520 1034 654 1089 plana.
717 1033 936 1076 Antlierae
969 1035 1173 1092 oblongae
1207 1035 1481 1088 biloculares,
1527 1040 1730 1092 utrinque
1762 1051 1827 1075 ex<

68 1091 434 1150 appendiculatae.
500 1093 651 1134 Discus
685 1103 725 1134 et
758 1094 1005 1135 staminodia
1039 1094 1165 1135 nulla.
1229 1094 1372 1149 Stylus
1407 1097 1576 1146 brevis,
1610 1094 1735 1149 longe
1769 1094 1827 1133 bi-

68 1151 321 1207 quandoque
354 1155 583 1202 tricruris,
630 1152 828 1192 cruribus
861 1156 974 1192 intus
1006 1156 1276 1209 stigmatosiS.
1338 1154 1521 1194 Fructus
1566 1151 1826 1203 utriculariS,

66 1213 309 1266 pericarpio
341 1225 432 1250 cum
472 1213 694 1265 perigenio
726 1214 870 1251 eximie
910 1210 1050 1250 lanato
1093 1214 1135 1250 in
1168 1210 1346 1252 floribus
1389 1213 1613 1252 foemineis
1645 1210 1827 1251 firmiter

65 1266 230 1308 coalito.
309 1266 461 1307 Semen
505 1266 546 1309 fl.
580 1272 601 1309 ἒ
634 1267 834 1310 verticale
880 1269 1131 1320 obovatum,
1179 1269 1274 1309 hinc
1317 1270 1445 1319 (facie
1492 1273 1554 1309 axi
1598 1268 1826 1326 applicata)

66 1324 263 1382 planum,
295 1325 394 1365 inde
425 1340 681 1377 convexum,
730 1325 771 1366 ss.
805 1337 830 1380 ῼ
865 1325 1131 1367 horizontale
1162 1325 1380 1383 globosum
1415 1326 1824 1384 depressiusculum,

66 1389 353 1439 integumento
405 1388 665 1424 tenuissimo.
748 1383 956 1424 Albumen
1009 1386 1201 1425 centrale
1252 1389 1464 1441 copiosum
1489 1417 1499 1437 ,
1552 1386 1824 1426 farinaceum.

66 1441 252 1497 Embryo
285 1457 482 1493 crassus,
529 1446 771 1495 virescens,
817 1442 1005 1483 radicula
1038 1446 1203 1483 ratione
1237 1447 1411 1484 seminis
1445 1443 1683 1485 directione
1716 1458 1826 1485 nunc

65 1503 222 1553 infera,
255 1516 363 1540 nunc
394 1501 645 1556 centrifuga,
678 1499 1000 1555 cotyledonibus
1033 1500 1389 1543 incumbentibus.

184 1587 219 1623 1.
282 1581 330 1623 L.
365 1581 555 1622 erz'anllm
579 1579 742 1628 (Fiscn.
767 1591 807 1622 et
832 1580 989 1623 MEYER
1022 1582 1049 1623 l.
1075 1587 1129 1633 c.)
1161 1599 1313 1634 annua,
1348 1582 1478 1623 dense
1510 1582 1826 1635 albido-lanata,

64 1639 262 1696 lanugine
308 1638 533 1695 praelonga
578 1637 757 1680 ssoccose
791 1643 1012 1693 intricatng
1055 1640 1175 1681 caule
1208 1650 1353 1681 erecto
1397 1640 1576 1697 simplici
1611 1658 1647 1682 v.
1681 1657 1704 1681 a
1737 1642 1827 1681 basi

63 1697 541 1754 pyramidam-ramoso,
575 1701 702 1737 ramis
727 1699 1051 1754 assurgentibus
1076 1702 1250 1754 virgatis
1283 1709 1370 1739 tota
1393 1699 1656 1755 longitudine
1687 1714 1826 1739 ramu-

64 1756 114 1796 lis
149 1755 352 1796 ssoriferis
385 1755 479 1795 lana
510 1755 801 1796 involucrante
833 1756 1064 1812 globulosis
1109 1756 1417 1813 (magnitudine
1454 1757 1541 1797 Pisi
1586 1774 1622 1799 v.
1656 1758 1825 1806 Gerasi)

67 1818 259 1867 onustis,
294 1813 405 1853 foliis
438 1813 641 1864 alternis,
674 1814 857 1855 caulinis
892 1815 1119 1870 majoribus
1153 1815 1372 1856 sessilibus
1405 1815 1623 1872 oblongis,
1664 1815 1826 1856 lanceo-

66 1871 164 1912 latis
183 1889 230 1913 ac
254 1871 583 1924 sublinearibus,
617 1872 706 1912 basi
729 1877 962 1913 attenuatis
987 1872 1156 1929 patulis,
1189 1890 1317 1930 supra
1353 1889 1477 1930 saepe
1507 1873 1630 1930 longe
1662 1874 1825 1930 pilosis,

67 1930 321 1971 ramulorum
367 1929 567 1971 distincte
612 1930 828 1986 petiolatis
871 1935 1003 1973 ovatis
1037 1931 1125 1972 basi
1159 1931 1403 1972 rotundatis
1446 1937 1527 1973 imo
1559 1932 1826 1973 subcordatis

67 1993 228 2040 acutis,
262 2004 389 2045 supra
423 1988 605 2044 glabris,
639 1989 752 2040 basi,
798 1989 1060 2047 marginibus
1093 1988 1329 2046 subtusque
1361 2006 1455 2031 cum
1490 1990 1647 2047 petiolo
1680 1994 1826 2031 eximie

66 2045 242 2099 lanatis3
289 2046 456 2104 petiolis
490 2045 684 2099 reflexis,
716 2046 867 2088 lamina
901 2047 1178 2099 ascendente;
1220 2047 1397 2089 floribus
1431 2052 1602 2090 minutis
1635 2048 1825 2104 (lh—3&

65 2103 141 2146 lin.
176 2105 326 2161 longis)
370 2104 465 2145 lana
508 2109 684 2162 propria
726 2121 773 2146 ac
805 2105 1049 2147 foliolorum
1082 2105 1290 2148 floralium
1323 2110 1522 2148 intricata
1554 2106 1826 2160 absconditis,

67 2165 88 2204 ἒ
119 2168 163 2205 in
196 2163 330 2204 axillis
363 2179 572 2204 ramorum
604 2179 652 2204 ac
683 2163 941 2205 ramulorum
974 2168 1083 2217 sitis,
1116 2181 1242 2222 saepe
1275 2164 1506 2207 sterilibus.

111 2247 152 2280 L.
179 2246 351 2281 eriantha.
394 2247 670 2287 Mooum-Tmo.
697 2247 732 2280 in
747 2247 834 2282 Dec.
855 2249 986 2283 Protlr.
1007 2251 1029 2282 l.
1049 2260 1076 2282 c.
1096 2248 1177 2288 (nec
1195 2249 1331 2282 KAREL.
1353 2252 1385 2282 et
1403 2249 1530 2289 Kmm,
1556 2258 1618 2280 nec
1635 2247 1823 2290 Scunnmz,

208 2304 297 2337 quae
324 2292 514 2327 Kirilowia
540 2294 729 2333 eriantlia).

113 2339 248 2374 Kochia
268 2339 430 2373 latifolia.
472 2340 624 2375 szsm.
642 2342 680 2374 in
698 2342 814 2374 ,ec-hese.
832 2343 880 2384 pl.
900 2343 1151 2386 aeqypt.—arab.
1171 2353 1248 2375 ems.
1269 2341 1465 2375 Scmmrnr..
1485 2351 1545 2376 un.
1563 2341 1640 2376 itin.
1660 2339 1725 2374 No.
1745 2345 1826 2382 133,

203 2398 279 2420 eum
301 2387 530 2431 Echinopsilo
550 2387 737 2431 eriophoro
756 2387 882 2420 mixta!
902 2394 982 2425 (nec
999 2388 1134 2422 Kochia
1152 2388 1303 2422 latifolia
1315 2388 1471 2421 Fassmv.
1489 2388 1527 2421 in
1545 2389 1638 2422 Mus.
1653 2388 1824 2422 Senkenb.

205 2434 235 2475 Ι,
261 2445 293 2476 p.
323 2438 400 2474 179,
428 2444 518 2477 quae
545 2444 628 2467 vera
653 2433 875 2475 Echinopsili
901 2436 1022 2478 spec).

112 2491 202 2524 Hab.
230 2489 266 2523 in
293 2490 467 2524 Sibiria
494 2492 707 2526 uralensi
735 2493 777 2526 ad
805 2492 853 2525 lit.
881 2492 1005 2528 orient.
1032 2505 1075 2527 m.
1104 2493 1232 2537 caspii!
1260 2494 1409 2532 (KAREL.
1435 2495 1482 2536 pl.
1510 2494 1618 2532 esca).
1643 2493 1692 2532 Θ.

185 2558 327 2600 Genus
360 2564 473 2602 inter
504 2560 757 2602 contribulia
802 2565 1022 2618 perigonio
1062 2577 1154 2602 cum
1196 2565 1438 2618 pericarpio
1480 2559 1744 2601 coalescente
1775 2575 1823 2601 ac

67 2622 271 2660 seminum
293 2617 527 2660 directione
560 2623 674 2660 varia
698 2636 720 2660 a
745 2620 776 2659 C
794 2619 854 2661 he
871 2620 991 2661 nole
1008 2636 1031 2660 a
1062 2619 1321 2673 distinctum,
1355 2618 1683 2660 Kirilowiae
1708 2622 1825 2659 inter

68 2676 544 2733 Camphorosmeas
576 2681 822 2735 proximum.

549 2810 663 2854 880.
715 2809 896 2854 Kochia.
954 2808 1082 2852 Rom
1119 2805 1338 2869 (partim).

112 2911 436 2953 Nicoma-Tannoni
454 2909 488 2942 in
507 2910 595 2943 Dec,
617 2909 748 2944 Proclr.
767 2908 874 2947 XIII,
901 2907 938 2949 2,
967 2919 998 2949 p.
1030 2912 1105 2940 130.
1128 2926 1168 2932 -—-
1188 2908 1243 2951 Ej.
1263 2909 1411 2950 Claenop.
1432 2918 1464 2950 p.
1485 2911 1539 2940 90.
1572 2925 1612 2929 —
1642 2907 1819 2942 Emnmca.

204 2968 281 3002 qen.
307 2970 339 3001 p.
359 2961 437 2991 296.
463 2974 503 2979 —-
530 2957 755 2999 Mmsxzqen.
776 2967 807 2999 p.
836 2959 914 2989 320.
944 2971 983 2976 -
1012 2953 1200 2987 Comment.
1228 2967 1260 2998 p.
1288 2959 1366 2987 233.

186 3038 332 3080 Flores
356 3037 576 3095 polygami,
604 3039 784 3094 perfecti
807 3052 900 3078 cum
923 3033 1169 3092 pistilligeri
1192 3038 1322 3086 mixti,
1346 3033 1590 3085 ebracteati‚
1613 3033 1821 3087 axillareS,

72 3096 254 3149 sessiles,
289 3096 471 3138 solitarii
503 3113 539 3139 v.
563 3095 794 3152 glomerati,
827 3091 1092 3150 longitudine
1123 3092 1252 3135 caulis
1276 3101 1317 3133 et
1338 3108 1549 3134 ramorum
1580 3095 1821 3150 interrupte
