1928 3319
913 133 1002 177 151

128 254 170 288 Ε.
196 253 396 291 latifolium.
444 254 531 291 Dec.
558 255 687 288 Prodr.
716 254 760 295 X,
787 265 818 297 p.
849 260 923 287 127.

128 317 216 350 Hab.
250 317 284 350 in
329 318 502 352 Sibiria
545 317 729 351 altaica:
782 316 815 347 in
855 317 982 349 deserti
1020 319 1400 360 soongoro-lzirgliisici
1437 319 1585 363 rupibus
1625 330 1834 353 summarum

219 364 347 407 ulpium
374 367 496 402 Alutau
530 365 571 397 ad
598 366 712 397 fontes
738 362 772 394 fl.
801 363 976 395 Sarclian!
1005 366 1157 401 timu-21⁴.
1186 370 1217 397 ct
1245 366 1392 405 Kana).
1436 372 1471 404 21.

198 424 371 482 Species
403 428 494 467 fere
525 425 659 467 media
691 423 992 465 Eritricliia
1024 429 1139 465 inter
1180 438 1221 466 et
1255 427 1700 484 Echinospermat,
1740 443 1833 469 cum

82 485 294 539 prioribus
330 494 416 524 toto
448 484 592 524 habitu
627 493 668 523 et
701 481 842 522 areola
864 486 1111 522 insertionis
1136 482 1252 524 brevi
1276 490 1488 538 convenit,
1523 485 1572 526 ad
1598 489 1837 542 posteriora

81 541 242 582 accedit
272 541 467 583 aculeolis
500 540 768 597 glocbidiatis
804 548 844 580 ct
878 541 1022 580 forsan
1057 541 1267 580 fructibus
1326 547 1448 598 (quos
1498 553 1714 584 caeterum
1750 555 1837 585 tan-

82 608 166 639 tum
191 603 386 655 juniores
410 597 529 640 nobis
564 602 771 652 inspicere
805 598 943 644 licuit)
977 606 1116 637 exacte
1140 597 1418 653 longioribus,
1454 617 1550 652 non,
1586 610 1631 642 ut
1661 606 1702 641 in
1726 602 1837 643 Eri-

82 657 332 707 tricliiis‚
376 661 493 715 apice
528 661 749 697 truncatis.
827 654 975 710 Stylus
1011 654 1178 707 brevis,
1226 660 1339 696 inter
1371 674 1599 715 earyopses
1634 659 1835 701 iuclusus.

83 714 226 755 Flores
257 715 351 756 albi.
413 715 586 766 (KAREL.
621 724 662 755 et
694 714 848 763 Klein.)

194 795 259 836 Ab
290 795 566 836 antecedente
614 793 722 836 haud
765 809 891 850 aegre
925 793 1260 849 dignoscendum
1294 796 1518 850 superficie
1553 796 1732 838 molliter
1763 815 1837 855 pu-

79 851 298 904 bescente,
347 869 428 893 non
472 853 566 910 pilis
610 852 714 896 albis
756 851 890 907 longis
924 850 1015 908 plus
1050 855 1185 891 minus
1218 851 1347 892 dense
1381 852 1526 894 villosa
1558 864 1599 894 et
1633 855 1744 896 foliis
1777 861 1837 897 in-

81 912 307 951 ferioribus
340 910 566 967 petiolatiS.
634 909 728 950 Vidi
760 912 970 965 specimen
1002 909 1263 961 floriferum,
1304 911 1488 951 nondum
1520 915 1710 968 perfecte
1743 930 1837 956 evo-

78 967 226 1024 lutum,
258 968 309 1009 ab
333 969 478 1012 honor.
503 969 598 1010 Soc.
619 978 704 1010 nat.
736 977 869 1009 scrut.
893 983 1022 1023 mosq.
1057 967 1256 1009 benevole
1281 985 1440 1009 mecum
1473 976 1836 1013 connnunicatum.

192 1053 230 1090 6.
290 1050 338 1092 Ε.
370 1053 569 1093 sericeum
601 1050 725 1099 (Dec.
758 1048 911 1089 Prodr.
946 1048 1013 1099 X,
1057 1065 1097 1104 p.
1136 1052 1234 1097 126)
1284 1049 1470 1107 undique
1502 1051 1597 1108 pilis
1631 1058 1837 1094 crassius-

76 1105 179 1148 culis
211 1106 428 1164 adpressis
460 1107 918 1148 incano-subsericeum
950 1105 1038 1146 laxe
1073 1111 1377 1163 caespitosum,
1410 1109 1601 1150 caulibus
1633 1110 1836 1152 floriferis

76 1169 224 1206 stricte
254 1170 432 1215 erectis,
465 1166 582 1206 foliis
614 1163 1045 1219 oblongo-linearibus
1078 1165 1299 1206 subacutis
1335 1182 1357 1206 a
1392 1166 1481 1207 basi
1512 1167 1624 1209 ultra
1657 1170 1837 1210 medium

75 1222 172 1280 pilis
204 1223 448 1279 patentibus
482 1223 604 1279 longe
635 1222 812 1274 odiatis,
845 1221 1101 1262 radicalibus
1137 1223 1226 1263 basi
1259 1229 1508 1280 attenuatis,
1541 1231 1717 1268 racemis
1751 1237 1836 1268 ter-

76 1279 297 1321 minalibus
330 1286 354 1321 2
390 1298 426 1323 v.
461 1285 485 1322 3
518 1279 764 1338 paucissoris
797 1281 962 1321 inferne
996 1280 1296 1336 irregulariter
1329 1282 1583 1336 bracteatiS,
1630 1285 1835 1342 pedicello

75 1337 291 1393 calycibus
336 1340 485 1380 tubum
518 1338 706 1380 corollae
740 1337 864 1396 paulo
913 1338 1215 1395 superantibus
1256 1340 1614 1399 sesquilongiori,
1661 1359 1836 1402 caryop-

76 1397 192 1437 sibus
224 1427 235 1437 .
268 1429 278 1440 .
312 1427 322 1437 .
355 1430 365 1440 .

120 1472 294 1517 Myosotis
320 1471 465 1506 einata?
513 1473 645 1507 Tuucz.
671 1475 718 1516 pl.
746 1483 823 1506 ρας-ς.
851 1482 881 1505 a.
912 1476 997 1506 1830
1024 1473 1111 1510 (uon
1140 1473 1258 1512 RQ).

121 1530 296 1574 Myosotis
321 1530 506 1574 pectinata.
557 1531 695 1565 Wuinn.
721 1531 815 1564 herb.
841 1529 907 1564 Nr.
935 1534 1037 1571 3275,
1063 1529 1124 1564 fol.
1153 1532 1200 1564 3?
1226 1533 1312 1569 (non
1338 1531 1476 1572 Pan).

118 1587 290 1631 Myosotis
316 1588 463 1621 sericea.
512 1589 630 1623 Luam.
656 1588 815 1631 Asperis'.
844 1599 876 1629 p.
905 1591 958 1620 ⁹8.
989 1605 1022 1610 —-
1054 1588 1144 1621 Dec.
1170 1588 1303 1621 Prodr.
1329 1588 1381 1631 X,
1407 1601 1437 1632 p.
1468 1594 1544 1625 113.

117 1645 292 1688 Myosotis
319 1646 501 1690 rupestris.
554 1647 691 1681 WILLD.
718 1647 815 1680 herb.
841 1645 903 1678 Nr.
930 1649 1031 1679 3269,
1057 1646 1117 1678 fol.
1146 1646 1192 1678 2?

117 1703 286 1737 Auchusa
312 1703 466 1737 sericea.
514 1702 556 1736 R.
583 1708 615 1739 et
643 1703 727 1737 Scn.
758 1705 857 1746 Syst.
882 1713 955 1746 vey.
983 1703 1046 1744 IV,
1073 1714 1105 1745 p.
1135 1707 1201 1737 774

116 1766 205 1800 Hal).
231 1766 267 1799 in
295 1766 474 1800 Sibiria
500 1765 790 1801 baikalensi:
819 1766 854 1798 ln
875 1766 1094 1809 rupostribus
1109 1766 1152 1799 ad
1170 1767 1385 1809 fl Angara!
1405 1767 1582 1811 (Tenea),
1611 1770 1832 1805 Davurial

209 1813 351 1853 (PALL.)
379 1818 411 1846 et
435 1812 780 1847 Kamtschatka!
807 1813 1072 1852 (Escuscuonrz
1098 1814 1143 1855 pl.
1174 1814 1279 1852 esce).
1324 1820 1359 1852 21.

190 1874 247 1916 Ex
278 1875 423 1916 babitu
455 1875 535 1916 huc
567 1875 775 1928 relatum,
822 1876 987 1916 fruetus
1020 1879 1130 1916 enim
1162 1878 1310 1931 ignoti.
1343 1899 1395 1906 —
1429 1875 1530 1929 Pili,
1563 1878 1714 1933 quibus
1748 1894 1833 1920 om-

72 1949 147 1974 nes
179 1933 350 1990 plantae
383 1943 525 1990 partes
557 1946 726 1991 praeter
758 1933 956 1974 corollam
990 1932 1183 1974 obtectae
1214 1933 1510 1986 observantur,
1545 1952 1653 1976 nunc
1687 1937 1829 1978 tuber-

71 1990 176 2033 culis
223 1991 386 2032 dcmum
428 1995 563 2033 auctis
607 1995 876 2049 superposita
923 2000 1048 2044 sunt,
1095 2007 1203 2032 nunc
1248 1992 1485 2033 immediate
1533 2010 1555 2033 e
1600 1995 1830 2051 superficie

75 2054 342 2107 proveniunt.

186 2133 224 2171 7.
286 2130 337 2173 Ε.
373 2130 613 2185 jeniseense
659 2129 834 2179 (Tum.
879 2146 926 2171 ex
967 2130 1071 2172 Dec,
1111 2131 1371 2182 Pr0d1·.X,
1416 2148 1453 2186 p.
1501 2135 1599 2181 126)
1644 2133 1829 2190 undique

71 2186 166 2244 pilis
198 2186 349 2228 albidis
382 2187 597 2245 adpressis
629 2189 1146 2229 subsericeo-canesccns
1179 2188 1267 2228 laxe
1300 2193 1606 2245 caespitosum,
1639 2191 1828 2233 caulibus

72 2245 276 2286 floriferis
307 2246 683 2299 adscendentibus,
715 2246 827 2288 foliis
860 2245 1116 2287 radicalibus
1149 2246 1584 2302 oblongo-linearibus
1618 2248 1829 2292 obtusius-

71 2303 178 2344 culis
212 2304 302 2344 basi
334 2309 579 2358 attenuatis,
613 2304 790 2346 caulinis
826 2304 1087 2346 brevioribus
1112 2303 1413 2347 sublatioribus
1438 2306 1825 2365 obovato-oblongis

71 2361 234 2402 obtusis
267 2367 516 2418 praesertim
552 2378 700 2404 versus
735 2364 853 2403 basin
885 2362 977 2419 pilis
1009 2362 1141 2418 longis
1174 2362 1413 2418 patentibus
1446 2364 1611 2418 ciliatis,
1644 2371 1823 2407 racemis

72 2418 281 2460 terminali
313 2430 355 2461 et
385 2420 624 2462 axillaribus
658 2420 901 2478 paucissoris
934 2420 1025 2461 basi
1056 2421 1315 2471 bracteatis,
1361 2420 1568 2477 pedicello
1610 2423 1822 2478 calycibus

73 2477 218 2518 tubum
253 2477 432 2519 corollae
465 2483 530 2521 vix
561 2480 859 2536 superantibus
893 2479 1021 2536 triplo
1052 2478 1257 2534 longiore,
1291 2480 1568 2536 caryopsibus
1602 2482 1824 2537 puberulis

73 2539 282 2576 truncatis
314 2539 378 2578 vix
409 2541 655 2594 marginatis
687 2538 841 2578 ciliatis
874 2537 994 2589 (binc
1026 2536 1123 2578 inde
1158 2537 1350 2578 breviter
1382 2536 1570 2579 dentatis
1602 2555 1649 2580 cx
1680 2539 1822 2591 DEc.).

118 2611 544 2692 Myosotilsgggilticaulis.
593 2615 725 2648 Tuacz.
752 2614 825 2648 Cat.
854 2615 995 2648 Baikal.
1022 2613 1084 2646 ΝΡ.
1112 2617 1178 2646 814
1205 2623 1267 2656 pro
1294 2617 1404 2658 parte.
1445 2633 1484 2638 —
1522 2615 1645 2659 Ejusd.
1670 2618 1718 2659 pl.
1746 2627 1825 2653 ems,

212 2669 242 2691 a.
363 2684 370 2692 .

119 2723 209 2756 Hab.
236 2721 272 2754 in
300 2721 479 2755 Sibiria
514 2723 703 2757 altaica:
742 2724 778 2756 iu
814 2723 985 2767 lapidosis
1019 2734 1068 2763 pr.
1095 2724 1380 2766 Krasnojarskl,
1418 2724 1686 2758 baikalensi
1722 2725 1766 2759 ad
1789 2726 1823 2760 fl.

211 2769 355 2810 Augai-a
378 2773 410 2801 et
435 2769 662 2803 orientali
688 2770 781 2804 inter
808 2770 949 2804 lrkutzk
974 2773 1006 2802 et
1033 2769 1173 2803 Ochozk
1200 2771 1378 2812 (Tuficum).
1422 2777 1457 2810 21.

190 2835 365 2894 Species
397 2835 569 2878 videtur
601 2837 741 2880 dubia.

190 2915 230 2954 S.
291 2911 348 2954 Ε.
377 2916 567 2966 rupestre
597 2913 760 2965 (Roma
791 2913 937 2955 Enum.
969 2912 1044 2955 alt.
1077 2929 1117 2970 p.
1152 2916 1195 2964 S)
1229 2913 1411 2970 undique
1442 2912 1541 2970 pilis
1573 2913 1723 2956 albidis
1755 2916 1825 2957 ad-

72 2972 233 3026 pressis
267 2972 645 3012 sericeo-incanum
676 2972 805 3013 dense
836 2974 1135 3027 caespitosum‚
1167 2971 1355 3013 caulibus
1387 2975 1522 3012 auctis
1555 2988 1591 3014 v.
1624 2973 1821 3030 obliquis,

72 3026 186 3069 foliis
218 3027 409 3070 omnibus
439 3026 670 3071 linearibus
703 3046 740 3072 v.
771 3028 1220 3086 oblongo-linearibus,
1252 3029 1425 3071 caulinis
1456 3036 1710 3087 praesertim
1731 3049 1824 3075 ver-

74 3101 147 3128 sus
178 3084 296 3128 basin
327 3086 426 3143 pilis
456 3085 592 3144 longis
623 3087 867 3142 patentibus
898 3085 1073 3142 cibatis,
1104 3091 1280 3130 racemis
1313 3087 1603 3131 terminalibus
1641 3094 1822 3148 geminis
