1897 3319
863 99 961 145 348

260 226 317 264 (C,
344 223 475 265 Kocffi,
503 222 537 256 in
565 219 803 265 promontorio
830 219 1000 254 occident.
1022 220 1078 259 (C.
1097 220 1137 253 A.
1158 219 1327 258 Msrnn)‚
1355 229 1406 261 pr.
1432 218 1635 261 Piitigorsk!
1660 224 1693 252 ct
1719 219 1787 251 ari-

261 273 374 305 dulam
402 268 596 302 Nartzana!
622 269 761 303 (HorrT
785 268 830 308 pl.
856 269 960 308 eman),
987 278 1029 300 m.
1057 267 1230 298 Bcsclitau
1253 288 1261 304 ‚
1289 265 1348 296 alt.
1377 270 1557 298 200—500
1583 267 1701 308 hexap.
1730 266 1786 299 (C.

259 320 300 353 A.
329 316 496 356 Meum),
537 313 674 348 Iberia!
717 313 938 351 (Wimfflmts
963 315 1011 355 pl.
1037 318 1155 352 ewen),
1199 310 1416 343 Somelwtia!
1458 312 1645 350 (Eicnw.)]
1684 311 1788 354 inque

261 362 437 398 Sibiria
462 362 510 397 (J.
539 361 582 393 G.
610 360 766 400 Gna),
797 357 997 392 uralensi
1027 360 1213 397 (Lussmo)
1242 368 1295 399 pr.
1319 356 1476 390 Slatoust
1502 356 1790 393 (Nsssmssopsm)

262 414 293 442 et
320 407 502 441 altaica!
539 407 616 443 (FL.
644 417 740 445 Am„
780 404 914 436 KAuffl„
942 409 975 438 et
1000 406 1137 446 Kmu..)
1163 404 1197 436 in
1234 404 1371 436 deserto
1396 403 1789 446 soongoro-kirgliisico

261 455 302 489 ad
329 455 362 487 fl.
391 454 507 496 Lepsa
533 454 687 490 (KAREL.
712 456 746 484 ct
771 451 925 492 Kmu..);

192 557 226 589 η.
255 545 290 578 in
318 544 480 578 Rossia
516 542 655 576 media
692 543 841 581 [Pensax
879 542 1053 583 (JACQUET
1087 543 1133 584 pl.
1161 541 1271 580 e.r.s·.)]
1310 545 1343 573 et
1370 541 1567 572 australi
1595 539 1789 579 [Cliersonl

259 591 323 627 (M.
348 602 368 623 a
395 591 535 631 Elem),
559 588 877 623 Jekatcrinoslaw!
914 587 1101 628 (Lenem,
1130 588 1171 620 ad
1198 587 1334 620 Tanain
1362 587 1528 623 (Rmmno
1556 586 1722 619 Sochussz
1751 597 1790 618 ex

261 638 428 677 Amnum,
455 636 684 671 GULDENST.)
711 640 743 667 ct
763 635 926 676 wolgam
954 634 1161 666 inferiorem
1189 633 1252 665 (M.
1271 644 1289 664 a
1310 633 1452 671 Banu.
1480 632 1585 675 inque
1614 632 1791 674 provin·

263 684 347 716 ciis
374 681 628 716 caucasicis
667 681 716 719 [in
751 685 934 723 rampestr.
968 679 1219 713 ciscaucasicis
1257 685 1289 712 et
1316 678 1482 712 Kabardu
1520 678 1575 717 (C.
1603 679 1718 718 Kocn)
1756 682 1791 711 ct

262 729 439 763 Sibiria
465 725 925 764 uralensi?(PA1.1..).‘52.

145 819 322 861 Formae
355 834 484 875 supra
516 825 788 858 enumeratae
819 832 839 855 a
863 814 1056 871 pluribus
1088 816 1333 856 auctoribus
1367 819 1502 871 iisque
1533 817 1792 871 gravissimis

30 881 192 935 species
226 877 362 918 dictae
407 875 705 934 speciminibus
750 877 901 929 typicis
946 871 1115 927 quidem
1148 876 1264 912 inter
1295 890 1340 913 se
1382 873 1534 913 differe
1578 872 1792 923 videntur,

30 936 104 976 sed
138 937 284 976 formis
326 933 590 974 intermediis
639 935 871 972 innumeris
916 929 1052 970 altera
1097 933 1138 970 in
1183 929 1358 970 alteram
1401 940 1624 970 transeunt
1657 933 1712 969 ita
1748 939 1792 969 ut

28 993 184 1034 limites
216 1001 355 1034 certas
390 1007 471 1032 non
503 993 792 1032 inveniantur.
854 987 964 1028 Hinc
995 1002 1139 1028 omnes
1172 990 1214 1027 in
1249 1004 1370 1028 unam
1403 991 1587 1044 speciem
1618 992 1794 1043 conjun-

28 1050 187 1108 gendas
219 1064 385 1092 censeo,

146 1157 188 1194 2.
256 1152 300 1193 Τ.
335 1149 550 1193 cinzicz'nus
581 1148 719 1199 (Bm
751 1164 798 1189 ex
830 1148 990 1189 Eicmv.
1021 1145 1079 1201 pl.
1113 1151 1222 1195 em.)
1254 1146 1373 1188 caule
1406 1145 1570 1203 lignoso
1601 1162 1793 1204 procum-

29 1210 156 1252 bente
189 1213 490 1261 ramosissimo7
525 1207 637 1248 foliis
669 1206 935 1263 glaber-rimis
959 1204 1262 1246 subsessilibus
1285 1204 1474 1260 oblongis
1506 1209 1625 1261 apice
1649 1214 1794 1245 rotun-

29 1267 139 1308 datis
173 1268 260 1308 basi
292 1269 521 1307 attenuatis
554 1264 665 1306 ciliis
697 1268 961 1321 paucissimis
994 1280 1029 1306 v.
1053 1262 1180 1303 nullis
1211 1266 1431 1303 instructis
1463 1262 1792 1315 crassiusculisg

29 1325 251 1366 floralibus
282 1324 594 1372 conformibus,
641 1323 795 1377 calycis
838 1322 936 1363 labii
978 1324 1215 1378 superioris
1247 1320 1448 1361 dentibus
1490 1320 1794 1363 ovato-lanceo-

29 1383 125 1425 latis
157 1382 332 1436 ciliati83
366 1383 586 1423 inferioris
618 1379 782 1421 laciniis
816 1378 1024 1421 subulatis
1057 1378 1224 1420 ciliatis.

121 1488 211 1521 Hab.
239 1488 275 1520 in
301 1486 469 1521 Rossia
495 1485 690 1519 australi
717 1485 951 1525 [Astrachanl
979 1485 1181 1524 (Emuw.)].
1208 1486 1243 1520 b.

145 1577 288 1620 Caulis
320 1580 657 1626 ramosissimus,
702 1577 871 1616 inferne
910 1578 1106 1615 crassitie
1148 1590 1314 1630 pennae
1356 1579 1567 1616 anatinae.
1631 1573 1796 1615 Ramuli

24 1638 219 1693 juniores
252 1633 563 1692 quadranguli,
604 1637 765 1674 cortice
797 1635 917 1673 fusco
960 1631 1059 1689 pilis
1092 1632 1289 1673 brevibus
1322 1631 1620 1675 crassiuscnlis
1654 1631 1796 1672 subin-

28 1703 281 1735 canescente
316 1693 482 1733 demum
515 1690 739 1732 secedente
782 1690 967 1732 obducti.
1027 1689 1143 1730 Folia
1175 1689 1387 1747 glandulis
1426 1693 1662 1730 numerosis
1695 1688 1797 1729 ‹len-

28 1755 88 1793 sis
122 1755 280 1807 magnis
312 1753 532 1807 impressis
565 1753 790 1789 instructa.
837 1747 949 1787 Folia
981 1752 1203 1804 superiora
1236 1751 1436 1804 utrinqne
1459 1764 1496 1789 v.
1521 1763 1648 1803 supra
1676 1762 1796 1803 prae-

27 1813 178 1851 sertim
204 1809 320 1850 basin
351 1823 500 1849 versus
523 1806 698 1864 pulvere
731 1806 824 1846 albo
848 1807 942 1862 plus
976 1808 1110 1845 minus
1143 1804 1273 1845 dense
1297 1805 1480 1857 obtecta,
1513 1806 1605 1844 fere
1636 1805 1794 1861 glauca.

28 1866 178 1908 Flores
229 1869 320 1907 rari
369 1880 520 1906 versus
563 1868 723 1920 apicem
768 1862 1028 1904 ramulorum
1069 1861 1366 1903 nonnullorum
1409 1865 1450 1902 in
1495 1861 1625 1903 axillis
1675 1861 1795 1902 folio-

27 1941 122 1966 rum
167 1939 425 1965 summorum
468 1920 722 1978 subgemini.
784 1919 947 1976 Calycis
989 1919 1101 1961 labia
1142 1919 1307 1974 ciliata3
1351 1921 1532 1961 inferius
1572 1923 1796 1976 superiore

29 1983 211 2040 longius.

145 2087 184 2125 3.
249 2085 295 2126 Τ.
322 2082 557 2138 pulchellus
602 2082 669 2132 (C.
706 2080 754 2123 A.
790 2081 946 2122 Mam
977 2081 1069 2123 Ind.
1113 2094 1232 2123 caue.
1276 2097 1316 2137 p.
1362 2083 1436 2129 87)
1477 2079 1665 2121 caulibus
1710 2079 1797 2121 basi

28 2141 303 2184 fruticulosis
336 2144 491 2182 erectis
524 2138 577 2180 ad
609 2138 786 2196 angulos
819 2137 1174 2196 pubescentibus,
1208 2139 1321 2179 foliis
1355 2138 1625 2193 glaberrimis
1658 2137 1796 2194 planis

28 2199 220 2257 oblongis
252 2197 619 2240 sublinearibusve
653 2198 818 2237 obtusis
852 2199 946 2236 imis
979 2194 1190 2250 ellipticis‚
1224 2196 1440 2237 verticillis
1464 2200 1796 2252 spicato-appro-

29 2262 224 2311 ximatis,
278 2257 477 2298 dentibus
522 2255 723 2310 calycinis
766 2253 868 2295 labii
915 2257 1150 2311 superioris
1197 2253 1528 2310 subaequalibus
1576 2253 1796 2305 subulam,

30 2315 284 2357 staminibus
317 2318 510 2357 exsertis.

77 2421 118 2453 T.
145 2419 354 2463 pulchellus.
404 2419 539 2452 ΒΕΝΤΗ.
565 2417 601 2451 in
629 2418 718 2451 Dsc.
746 2417 878 2450 Prodr.
906 2416 995 2458 XII,
1023 2428 1054 2459 p.
1080 2420 1159 2450 206.

77 2512 169 2545 Hah.
196 2511 232 2543 in
259 2509 516 2555 provinciis
555 2509 806 2544 caucasicis
846 2507 898 2547 [in
925 2507 1076 2542 collibus
1103 2506 1292 2551 gypsaccis
1326 2507 1368 2540 ad
1395 2506 1427 2540 fl.
1455 2507 1605 2548 Kuban,
1645 2506 1703 2539 alt.
1729 2513 1794 2540 400

173 2557 297 2601 hexap.
326 2557 381 2595 (C.
407 2557 448 2589 A.
475 2557 652 2597 Mamm.
685 2562 722 2595 21.
748 2558 784 2591 ἲ).

34 2717 315 2767 Secbtrz‘bus
364 2715 466 2766 IV.
564 2715 635 2764 M
645 2717 924 2763 elis-eae.
1023 2712 1237 2761 ern.
1299 2717 1352 2761 in
1412 2713 1549 2761 DEc.
1600 2712 1792 2760 Prodr.

717 2784 875 2842 XII,
912 2800 958 2848 p.
996 2782 1122 2830 150.

150 2909 319 2951 Corolla
351 2909 576 2962 bilabiata‚
621 2911 721 2951 tubo
753 2913 868 2951 intus
901 2907 1026 2951 nudo.
1089 2906 1279 2949 Stamina
1311 2911 1335 2946 4
1369 2924 1405 2950 ν.
1439 2913 1464 2947 2
1499 2906 1587 2947 basi
1618 2904 1795 2945 adscen-

33 2965 179 3008 dentia
211 2978 254 3009 et
284 2972 403 3026 apice
435 2968 704 3025 divergentia
729 2984 764 3009 v.
788 2969 865 3009 sub
896 2966 1006 3008 labio
1028 2969 1252 3022 superiore
1285 2967 1569 3017 conniventia,
1601 2972 1794 3004 arcuato-

33 3023 338 3069 adseendentia
371 3029 531 3081 (rarius
564 3025 844 3084 subparallela
857 3025 908 3080 ἓ).
969 3023 1190 3068 Antlierac
1225 3023 1486 3067 biloculares.
